3667 5425
454 713 521 780 ru
701 711 1087 775 nnnnnenmnun.
1130 688 1264 774 ennssr.

454 885 607 956 continue
629 884 813 953 uerrutione
841 882 1003 975 explicare
1027 880 1088 952 sibi
1116 878 1350 976 proposuisse?
1380 881 1416 954 ln
1436 906 1502 978 quo

456 1021 485 1093 si
511 1045 530 1091 n
555 1017 700 1112 Pompeii
728 1031 761 1088 et
789 1015 938 1088 Caesaris
978 1014 1236 1089 contentionibus
1264 1042 1404 1090 exorsus
1432 1043 1503 1090 rem

457 1178 558 1251 usque
585 1153 624 1226 ed
642 1153 809 1226 Tiberium
837 1153 984 1241 deduxit,
1010 1155 1082 1249 quis
1112 1177 1186 1224 eum
1208 1154 1327 1226 dixerit
1355 1177 1409 1226 res
1437 1178 1503 1226 non

456 1291 667 1363 cohaerentes
703 1303 758 1361 out
792 1278 921 1361 interno
953 1312 1041 1361 nexu
1074 1304 1223 1360 carentes
1260 1292 1502 1385 composuisse,

458 1450 540 1525 quoe
573 1425 698 1500 duobus
734 1424 886 1520 operibus
922 1426 1007 1497 inter
1037 1448 1074 1496 se
1105 1424 1253 1497 diseretis
1288 1427 1421 1498 tractari
1447 1426 1504 1498 de·

445 1558 611 1637 ‘buerintl
663 1559 772 1653 Quare
798 1585 864 1633 non
890 1558 1019 1632 dubium
1046 1574 1123 1652 est,
1162 1563 1238 1658 quin
1265 1560 1414 1635 Velleius
1436 1585 1503 1633 om·

458 1698 553 1773 nibus
588 1699 667 1770 locis
700 1704 799 1770 unum'
825 1696 973 1793 idemque
1006 1721 1087 1792 opus
1113 1698 1286 1794 intelliget.
1333 1695 1402 1771 Sed
1426 1721 1505 1771 num

336 1885 341 1893 ·
374 1840 378 1846 ’
459 1859 497 1909 re
521 1858 601 1906 vern
632 1834 828 1927 scripserit,
853 1833 949 1930 'quod
974 1848 1040 1906 tem
1065 1858 1164 1928 saepe
1190 1835 1361 1929 promisit,
1388 1858 1431 1907 en
1457 1835 1505 1907 in·

460 1970 608 2045 cboutum
640 1968 858 2042 tautummodo
892 1982 927 2040 et
959 1970 1181 2064 imperfectum
1213 1971 1403 2068 reliquerit,
1439 1994 1507 2043 non

460 2121 570 2204 potest
597 2105 751 2219 definiri,
787 2128 885 2201 quum
917 2127 1013 2177 nemo
1048 2119 1198 2177 veterum
1224 2107 1508 2202 grammaticorum

460 2245 532 2321 eius
573 2242 768 2318 mentionem
804 2241 915 2338 iaciat.
987 2240 1056 2312 lloc
1087 2265 1166 2314 vero
1199 2255 1325 2314 eertum
1357 2241 1504 2332 ridetur,

462 2402 574 2455 errare
604 2375 805 2472 Souppinm,
833 2378 938 2472 quil.
968 2377 994 2448 l.
1019 2402 1055 2473 p.
1082 2379 1169 2475 143.
1194 2379 1402 2473 suspicetur,
1431 2402 1509 2451 eum

461 2514 501 2591 de
537 2511 756 2609 componendo
786 2512 851 2584 isto
880 2536 979 2608 opere
1005 2514 1127 2586 maiore
1149 2538 1312 2612 nunquam
1336 2515 1426 2587 serio
1451 2539 1507 2587 co·

461 2628 606 2749 gitesse,
635 2648 694 2724 sed
719 2662 757 2722 ut
782 2650 869 2722 inter
892 2648 1096 2723 scribendam
1121 2650 1289 2723 historiam
1313 2649 1507 2743 RomM,

461 2811 571 2863 rernm
588 2787 829 2884 opportunitate
845 2785 1043 2877 admonitus,
1071 2786 1211 2861 subitam
1227 2790 1300 2859 eins
1322 2786 1510 2861 eleborandi

462 2926 693 3020 cogitationem
711 2924 919 3018 susceperit,
945 2923 993 2995 ita
1008 2923 1163 3018 condem,
1190 2921 1340 2995 absolute
1354 2922 1507 3014 historia,

461 3060 622 3132 obiecisse
647 3059 741 3153 plone
767 3080 874 3153 neque
891 3058 1030 3152 amplius
1049 3082 1197 3131 curasse.
1237 3056 1330 3151 Quae
1345 3060 1510 3131 sententia

376 3245 385 3263 .
461 3194 538 3268 mibi
563 3206 732 3290 tantopere
757 3218 778 3265 a
803 3215 884 3264 vero
909 3192 1086 3266 abhorrere
1105 3192 1257 3289 videtur,
1286 3207 1326 3266 nt
1348 3192 1509 3267 affirmare

461 3355 528 3404 non
544 3328 700 3420 dubitem,
729 3325 873 3401 subitum
887 3327 1045 3401 historiae
1062 3328 1234 3426 inb'inieii
1252 3328 1408 3402 bonorem
1425 3331 1508 3402 seri·

461 3464 585 3539 bendee
611 3466 784 3539 consilium
808 3462 940 3539 Velleio
966 3489 1031 3537 non
1062 3490 1107 3537 ex
1128 3465 1192 3536 alie
1215 3490 1253 3538 rc
1274 3479 1386 3538 netum
1413 3489 1510 3562 csse,

348 3619 355 3636 ‘
463 3603 600 3676 nisiex
632 3602 731 3698 longa
757 3613 855 3697 etque
888 3598 1020 3672 assidue
1052 3624 1162 3673 rerum
1193 3600 1409 3674 Romanarum
1441 3613 1510 3676 tra·

463 3738 620 3812 eletione.
673 3735 760 3810 Nam
785 3759 883 3833 quum
910 3737 1210 3833 imperiumn
1236 3750 1389 3832 promptu
1409 3717 1523 3811 nato

463 3887 539 3964 ret,
572 3873 657 3947 unde
694 3898 849 3946 summam
881 3896 992 3946 rerum
1025 3875 1109 3945 laeili
1134 3874 1268 3968 negotio
1299 3874 1513 3948 concinnaret

464 4022 501 4081 ct
530 4010 565 4080 in
597 4007 732 4080 brevem
760 4011 971 4101 conspectum
996 4007 1112 4097 daret,
1149 4008 1183 4081 id
1208 4011 1287 4082 satis
1310 4010 1512 4084 incitamenti

465 4157 560 4235 crat,
586 4157 625 4216 nt
646 4142 707 4216 bot
729 4157 957 4237 argumentum
974 4143 1155 4240 deligeret,
1182 4168 1282 4241 quum
1305 4145 1514 4220 decrevisset

465 4282 644 4376 scriptione
669 4278 777 4376 alique
791 4277 923 4353 Vinicio
950 4279 990 4352 de
1014 4281 1186 4354 consulatu
1202 4280 1320 4375 adepto
1332 4282 1509 4375 gratulari.

467 4412 577 4508 Quare
620 4417 824 4512 putaverim,
870 4439 945 4488 eum
979 4416 1131 4492 destincte
1165 4416 1226 4489 boc
1260 4414 1371 4488 libello
1405 4440 1515 4512 panca

437 4659 444 4667 ἱ
466 4549 627 4626 delibasse
641 4554 751 4649 petius
770 4575 816 4628 cx
829 4553 975 4628 collectis
990 4525 1094 4651 copiis
1111 4568 1147 4628 et
1167 4549 1319 4650 ulpian
1343 4555 1513 4650 specimen
