3667 5425
601 745 664 809 ult
691 745 891 811 vmuuutt
920 748 1096 815 OPERE.·
1258 750 1374 817 'XXllll

324 916 422 987 datus
455 915 523 1005 sit,
559 938 625 989 ucrr
665 915 752 989 aliud
793 916 1004 992 discordantis
1040 922 1163 1014 patriae
1197 920 1373 997 remedium

325 1052 429 1123 luisse
440 1104 453 1142 ‚
478 1018 580 1148 'quam
605 1065 643 1124 ut
668 1052 709 1125 al)
730 1075 796 1125 uno
821 1068 1018 1150 regeretur;
1041 1080 1105 1129 uun
1128 1078 1232 1152 regnu
1250 1071 1371 1151 tamen,

324 1210 433 1284 meque
456 1173 632 1283 dictatura,
658 1183 717 1260 sed
739 1191 894 1285 principis
917 1194 1045 1292 momine
1072 1196 1278 1267 constitutam
1304 1219 1373 1269 rem

324 1322 504 1419 publicam.
558 1323 643 1397 Mari
670 1322 800 1398 Oceano
833 1340 890 1400 aut
923 1327 1068 1401 amnibus
1104 1330 1287 1428 lang'nquis
1321 1357 1373 1405 se·

324 1474 415 1555 ptum
440 1462 633 1557 imperium
661 1461 831 1558 legiones,
858 1466 1063 1560 provincias,
1086 1465 1231 1563 classes,
1256 1482 1372 1541 cuncta

324 1598 413 1670 iuter
446 1620 486 1669 sc
521 1620 667 1669 connexa
680 1620 700 1693 3!
727 1599 779 1671 ius
816 1599 900 1695 apud
925 1590 1040 1692 cives,
1073 1603 1262 1675 modestiam
1288 1605 1380 1698 apud,

1385 1184 1394 1217 Ι

323 1734 456 1826 sscics;
493 1732 607 1806 urbem
633 1735 736 1829 ipsam
763 1735 934 1830 magnilica
962 1750 1099 1830 ematu3
1135 1761 1238 1832 pauca
1263 1738 1370 1835 admo-

323 1868 400 1941 dum
415 1870 450 1941 vi
473 1882 634 1961 tractata,
661 1892 726 1967 quo
756 1872 876 1943 ceteris
902 1874 996 1968 quies
1024 1886 1154 1946 esset«
1206 1872 1274 1947 Hae
1300 1876 1370 1971 plu·

299 1979 501 2097 rimorum,
529 2006 615 2078 inter
639 2030 721 2103 quos
748 2008 845 2079 etiam
869 2009 1095 2105 prudentium,
1124 2012 1304 2084 sententiae
1331 2012 1370 2087 de

326 2140 484 2238 Auguste
511 2144 647 2214 mortue
666 2143 711 2215 ita
735 2145 943 2218 consentiunt
969 2159 1066 2242 atque
1087 2149 1275 2241 conspirant
1298 2172 1372 2221 cum

324 2280 388 2369 iis,
416 2301 503 2374 quaa
528 2274 680 2353 Velleius
715 2278 755 2351 de
790 2261 904 2352 eodc‘m
934 2280 1059 2372 reiert,
1093 2294 1151 2377 ut,
1188 2281 1261 2379 dum
1287 2285 1370 2381 apud

323 2415 478 2488 Tacitum
513 2414 726 2487 multitudiuis
770 2414 889 2489 iudicia
924 2416 1026 2489 relata
1060 2417 1222 2514 legimus,
1263 2421 1371 2515 ipsum

323 2551 492 2625 Velleium
517 2550 702 2647 loquentem
727 2552 837 2625 audire
863 2552 957 2625 nobis
980 2544 1160 2627 videamur.
1204 2554 1271 2630 Sed
1297 2558 1369 2653 ¹quis

324 2712 466 2785 unquam
488 2687 650 2783 cogitavit
672 2689 753 2761 istas
768 2686 913 2784 Augusti
940 2690 1118 2786 aequalium
1147 2690 1186 2763 dc
1213 2694 1284 2780 eius
1303 2695 1374 2768 vita¹
1484 2706 1489 2716 “

329 2825 505 2897 sententias
542 2823 719 2896 adulationi
752 2789 923 2916 tribuere?
975 2823 1102 2921 Quippe
1138 2827 1192 2897 isti
1226 2827 1370 2902 homines

327 2961 360 3033 iu
383 2961 530 3034 externis
556 2960 751 3055 haerebant,
780 2984 863 3057 quae
888 2984 997 3033 rerum
1016 2963 1068 3034 vis
1090 2975 1124 3034 et
1145 2973 1260 3036 natura
1282 2981 1371 3039 esset

325 3121 431 3193 reque
459 3109 678 3192 quaerentes,
712 3120 818 3193 neque
845 3098 1027 3193 intelligere
1054 3099 1196 3174 assueti.
1246 3099 1370 3176 Eorum

327 3234 442 3306 similis
459 3231 612 3306 Velleius
638 3221 672 3315 ed
696 3257 829 3328 pravam
856 3233 1121 3341 cousuetudinem
1148 3238 1265 3309 aetatis
1290 3262 1369 3311 suae

327 3381 461 3442 secutus
485 3391 601 3447 verum
626 3369 725 3442 rcbus
751 3351 889 3464 pretium
916 3381 1061 3443 statuere
1088 3394 1151 3443 uon
1178 3371 1285 3467 valet,
1314 3397 1368 3446 uc-

328 3529 387 3601 quc
419 3503 539 3577 bouum
572 3529 592 3576 a
626 3505 708 3578 malo
741 3517 893 3578 accurate
926 3505 1131 3600 dignoscere.
1185 3507 1271 3581 Nam
1296 3535 1368 3605 spe-

330 3643 416 3713 ciosa
439 3665 500 3737 pro
527 3641 671 3737 egregiis
696 3639 843 3736 habeus,
878 3664 1088 3739 quaecunque
1105 3644 1233 3742 *oculos
1260 3645 1367 3740 splcn·

330 3777 402 3850 darc
432 3777 571 3874 quodam
604 3776 746 3868 feriunt,
782 3778 897 3871 arripit
929 3801 966 3847 ac
993 3778 1089 3870 pleno
1123 3800 1179 3848 cre
1209 3778 1366 3853 celebrat.

331 3911 398 4005 Qua
426 3916 641 4002 factumest,
678 3926 714 3985 ut
739 3914 771 3986 iu
797 3899 931 3986 historia
959 3911 1215 3985 scribendarum
1239 3925 1304 3987 tam
1329 3918 1369 3990 ad

330 4071 434 4124 rerum
474 4074 609 4122 caussas
644 4049 887 4144 investigandas
926 4050 1064 4121 animum
1099 4050 1270 4145 advertat,
1312 4069 1369 4126 aut

331 4209 388 4281 quc
416 4185 558 4283 quidque
585 4185 678 4257 modo
706 4199 740 4257 et
765 4186 899 4257 consilio
927 4185 1045 4257 lactum
1073 4187 1117 4256 sit
1143 4188 1368 4280 exponendum

332 4321 387 4394 sibi
414 4336 532 4417 putet,
566 4345 660 4417 quam
688 4323 824 4417 siugulis
852 4321 1032 4393 homiuibus
1061 4320 1258 4393 illustrandis
1284 4322 1368 4394 cclc-

330 4456 521 4555 lraudisque
548 4459 689 4530 intentus
717 4459 773 4550 sit,
797 4459 920 4555 rpuippe
945 4459 997 4528 cui
1025 4479 1079 4527 rcs
1105 4478 1217 4549 parum
1241 4472 1299 4530 aut
1321 4461 1366 4531 rri-

331 4593 371 4666 tit
392 4597 473 4688 siut,
500 4618 660 4691 personae
687 4596 804 4670 omnia.
851 4593 960 4685 Quare
987 4593 1082 4666 ctiam
1106 4616 1144 4664 ea
1162 4593 1261 4689 lacta,
1285 4619 1367 4691 quac
