3667 5425
469 747 496 808 ι
672 828 677 843 .
708 740 1092 808 ruousoouonu.
1134 739 1222 805 cue.
1241 740 1280 804 11.
1306 722 1327 733 ““

471 916 608 989 mimos.
637 911 738 1011 ehgl,
765 914 829 1005 12,
855 914 897 984 2.
949 910 1071 1011 Magis
1097 913 1177 1009 quia
1212 908 1429 1007 volebant·
1448 910 1513 985 ao.
1555 997 1566 1019 .

468 1017 564 1126 mani
584 1090 627 1104 -
653 1047 862 1142 eredere,
900 1072 1000 1146 quern
1033 1050 1115 1145 quio
1141 1045 1367 1121 eradenda
1394 1046 1514 1140 offe·

468 1187 708 1278 rebantur,
740 1186 865 1257 statuit
892 1195 1034 1257 senatus
1060 1182 1303 1282 Carthaginem
1332 1182 1510 1256 enondere.

468 1323 498 1417 1,
519 1325 582 1414 12,
600 1323 638 1394 5.
681 1318 801 1417 Scipio
814 1320 917 1414 serit
938 1314 1024 1393 suae
1046 1321 1243 1422 uirtutis
1261 1321 1511 1412 monachentur,

470 1458 563 1558 quod
573 1460 706 1554 stuerot
722 1459 783 1530 aui
800 1435 875 1529 etus
892 1457 1170 1530 elementiae.
1190 1455 1229 1553 ¹I,
1249 1455 1361 1546 12,7.
1391 1455 1515 1554 Neque

431 1596 437 1609 '
470 1606 550 1671 onte
574 1595 762 1669 u'noisurn
788 1616 891 1691 esse
914 1592 1037 1685 desiit,
1065 1614 1164 1689 quarn
1188 1615 1289 1664 esse
1314 1591 1432 1671 nou.
1469 1590 1513 1684 11,

466 1736 510 1824 1,
538 1733 575 1805 5.
628 1730 826 1856 Pompeique
857 1730 1015 1827 gratia
1050 1729 1305 1824 impunitum
1332 1727 1516 1836 hahuit,

443 1867 669 1951 ¹Monoinun
698 1863 973 1938 oereoundio
1003 1862 1229 1960 perdunit
1251 1863 1364 1970 lhue,
1393 1875 1442 1937 ut
1464 1906 1516 1921 -

470 2002 626 2076 hostibus
652 1999 848 2075 dederetur.
885 1999 931 2091 Π,
951 2003 990 2093 4,
1009 2000 1048 2071 2.
1101 1998 1219 2096 Soqoio
1243 1985 1371 2072 messus
1396 2002 1431 2073 in
1456 2000 1516 2073 Ili-

469 2142 626 2237 sponiont
644 2139 820 2232 fortunae
852 2136 1040 2231 virtuteque
1074 2147 1244 2232 eopertae
1276 2138 1319 2209 in
1345 2135 1517 2230 Africa

319 2280 323 2290 '
452 2273 653 2371 ,respondit
674 2276 717 2347 in
742 2272 975 2370 Hispania.
1006 2270 1052 2366 Π,
1073 2273 1113 2365 5,
1133 2273 1172 2344 3.
1230 2272 1373 2346 Tantum
1395 2271 1521 2369 effecit

347 2442 350 2447 ¹
468 2434 566 2507 spes
587 2411 903 2507 desperatione
920 2409 1089 2505 quaesito.
1116 2408 1209 2500 fl‚9,
1222 2411 1260 2481 4.
1288 2408 1518 2508 Iugurthinae

469 2545 608 2620 Marius
632 2548 668 2620 in
694 2544 854 2618 iisdem
879 2547 1010 2616 eastrz‘s
1030 2544 1260 2636 didicere,
1282 2562 1379 2642 quae·
1388 2557 1518 2642 postea

428 2693 432 2712 '
469 2685 506 2758 in
531 2684 786 2757 contrariis
802 2680 1043 2776 faeerent.
1070 2680 1117 2773 Π,
1138 2683 1201 2773 15,
1219 2685 1258 2756 4.
1294 2682 1372 2758 Nee
1397 2684 1517 2756 heum·

464 2820 549 2917 pbis
561 2821 830 2919 honoribusque,
849 2842 949 2918 quan
965 2829 1028 2891 out
1040 2841 1178 2891 eousa
1201 2819 1332 2912 anili,
1350 2831 1413 2892 out
1428 2823 1518 2893 eni·

470 2958 547 3049 lio,
575 2968 639 3028 aut
660 2955 812 3029 reditu
832 2958 966 3029 annor
977 2957 1060 3049 sirit
1075 2949 1292 3030 Nuim'dious.
1327 2954 1372 3047 Π,
1392 2957 1457 3050 19,
1473 2956 1525 3041 3.,

472 3064 601 3164 b'ives
630 3090 673 3163 ab
706 3090 835 3164 hoste
858 3093 1076 3164 misereri
1097 3093 1275 3188 praneu'prs
1303 3092 1377 3163 oiri
1405 3090 1513 3164 doets'.

337 3289 342 3310 ,
467 3226 653 3319 Π,19,4.
705 3223 787 3299 Cum
811 3226 988 3301 Marius
1013 3229 1248 3322 aspiciens
1275 3224 1517 3325 Cartbagi-

468 3388 580 3456 nem,
616 3362 700 3436 illa
732 3365 914 3438 iretuens
946 3362 1153 3455 Marium,
1190 3364 1281 3435 alter
1306 3364 1516 3461 alten‘pos-

467 3511 555 3572 sent·
570 3523 648 3571 esse
662 3500 804 3573 solado.
829 3499 875 3591 Π,
894 3502 961 3592 20,
979 3501 1017 3572 3.
1063 3498 1197 3572 [nnuma
1219 3499 1390 3574 homine
1413 3525 1514 3600 quarn

467 3635 669 3732 exemplo
694 3634 835 3734 dignior
850 3637 942 3731 fuit.
979 3636 1025 3728 ll,
1040 3638 1107 3726 22,
1125 3639 1164 3708 4.
1219 3633 1382 3731 Catulus,
1408 3639 1517 3711 sbnul

467 3772 661 3845 enitiali
687 3770 848 3847 hausto
880 3776 1031 3871 sputus,
1065 3773 1171 3844 sonui
1199 3773 1377 3845 incluso
1407 3797 1510 3868 suo,
1547 3861 1553 3872 Ι

465 3919 607 3978 mortem
632 3908 728 3979 obiit.
762 3909 808 3999 ΙΙ,
824 3910 890 4000 23,
910 3912 949 3981 5.
1002 3905 1237 3981 Athenienses
1262 3932 1338 3980 em
1359 3909 1404 3981 ab
1426 3912 1512 3983 ini·

464 4043 594 4113 rnieis
620 4052 841 4135 tenerentur,
874 4042 1164 4141 oppugnabantur
1188 4045 1233 4116 ob
1259 4046 1443 4139 amieis,
1477 4056 1513 4117 et

464 4181 634 4253 anu‘mos
659 4189 797 4251 entra
827 4182 983 4272 noenia,
1021 4203 1219 4277 corpora
1249 4184 1373 4255 iutra
1394 4205 1511 4256 muros

462 4313 645 4390 habebarit.
670 4314 716 4406 11,
731 4318 797 4412 26,
808 4318 848 4389 2.
892 4316 934 4390 ln
951 4341 1019 4415 quo
1039 4320 1180 4390 ciuitate
1203 4341 1341 4422 sepper
1365 4322 1509 4393 uirtu-

463 4449 585 4521 tibus
616 4464 784 4526 certatione
811 4467 909 4549 erot,
945 4454 1146 4528 certabatur
1174 4423 1507 4548 sceleribus,

462 4587 739 4687 optimusque
770 4592 846 4665 sibi
874 4592 1077 4687 mutuor,
1118 4592 1332 4690 quisumt
1357 4594 1509 4690 pessi·
