3667 5425
465 763 549 816 xsru
860 718 1113 814 emmanu.

465 916 625 1018 agimus.
675 911 860 989 Universa
892 922 1021 990 autem
1052 936 1173 1014 opera
1205 921 1334 994 nostra
1363 917 1398 991 si
1422 916 1511 993 iu'sti

464 1058 792 1159 intelligentesque
824 1058 961 1133 arbitri
990 1058 1242 1136 iudicaverint
1266 1061 1308 1134 id
1330 1060 1511 1138 effectum

466 1234 571 1305 esse,
600 1216 645 1282 nt
667 1201 803 1278 Velleii
832 1203 1046 1278 verborum
1078 1203 1251 1280 recensio
1285 1206 1414 1305 paullo
1442 1206 1511 1280 fir·

464 1352 651 1430 miurinus
692 1346 952 1421 fundamentis
990 1370 1109 1445 quam
1143 1346 1184 1421 in
1228 1348 1308 1423 ulla
1344 1348 1512 1424 editione

467 1495 636 1587 nitatur,
662 1490 778 1566 studii
801 1488 924 1565 nostri
946 1489 996 1564 in-
1011 1490 1114 1566 hunc
1137 1491 1364 1591 scriptorem
1388 1492 1514 1567 collati

459 1662 537 1756 “nos
559 1635 665 1713 haud
688 1634 912 1736 poenitebit.
945 1634 1039 1711 Non·
1051 1659 1252 1736 possumus
1273 1643 1401 1711 autem
1423 1636 1513 1710 huic

464 1779 699 1883 praefationi
727 1779 847 1854 finem
870 1777 1093 1877 imponere,
1127 1779 1220 1878 quin
1248 1787 1421 1855 nostrum
1450 1776 1514 1854 fa·

465 1924 630 2020 nimum,
667 1921 773 2021 quod
796 1921 1114 2015 wyttenbachius
1139 1922 1181 1997 in
1204 1921 1439 2022 praefatione
1463 1922 1514 1999 ad

464 2065 745 2144 Bibliothecam
764 2062 937 2139 criticam
953 2070 1128 2140 extremo
1144 2065 1228 2140 loco
1244 2066 1390 2164 posuit:
1416 2066 1511 2162 „Iis‚

464 2211 557 2313 q'ui,
590 2210 626 2286 si
656 2233 734 2308 qua
763 2206 861 2307 lapsi
892 2203 1100 2302 fuerimus,
1132 2232 1203 2282 nas
1231 2207 1512 2305 admonuerint,

437 2388 439 2393 ¹
463 2354 632 2459 gratiam
651 2350 893 2429 babebimus.
926 2351 1060 2450 Neque
1085 2352 1189 2426 anim
1214 2352 1333 2427 alium
1355 2354 1513 2429 uberio-

462 2500 551 2577 rar'n
576 2520 629 2573 cx
654 2494 729 2573 hcc
753 2501 832 2572 toto
862 2494 1080 2571 litterarum
1103 2496 1230 2572 studio
1254 2495 1423 2573 fructum
1446 2521 1512 2573 ca·

462 2664 559 2748 pers
592 2664 667 2718 nos
699 2662 814 2741 posse
838 2637 1072 2736 iudicamus,
1105 2664 1223 2740 quam
1246 2647 1291 2716 ut
1314 2641 1512 2718 erroribus

462 2785 639 2890 quotidie
688 2792 731 2862 et
751 2782 1043 2885 ,praeiudicans
1087 2785 1331 2886 opinionibus
1371 2785 1513 2862 libere·

461 2933 598 3010 mss
1500 2975 1502 2980 .

468 3079 471 3084 ·
566 3070 713 3171 sonui
744 3067 894 3158 nanta
927 3071 967 3145 a.
1003 3070 1112 3151 xva
1147 3049 1314 3154 nnana.
1345 3074 1509 3153 octona.

462 3212 717 3297 issiCGGXIa.
