<?xml version="1.0" encoding="UTF-8"?>
<!DOCTYPE html PUBLIC "-//W3C//DTD XHTML 1.0 Transitional//EN"
    "http://www.w3.org/TR/xhtml1/DTD/xhtml1-transitional.dtd">
<html xmlns="http://www.w3.org/1999/xhtml" xml:lang="en" lang="en">
 <head>
  <title>
</title>
<meta http-equiv="Content-Type" content="text/html;charset=utf-8" />
  <meta name='ocr-system' content='tesseract 3.04.00' />
  <meta name='ocr-capabilities' content='ocr_page ocr_carea ocr_par ocr_line ocrx_word'/>
</head>
<body>
  <div class='ocr_page' id='page_1' title='image "./mvelleipatercul01pategoog/mvelleipatercul01pategoog_0104.png"; bbox 0 0 3667 5425; ppageno 0'>
   <div class='ocr_carea' id='block_1_1' title="bbox 392 714 1427 792">
    <p class='ocr_par' dir='ltr' id='par_1_1' title="bbox 392 714 1427 792">
     <span class='ocr_line' id='line_1_1' title="bbox 392 714 1427 792; baseline -0.007 -1"><span class='ocrx_word' id='word_1_1' title='bbox 392 724 503 792; x_wconf 80' lang='lat' dir='ltr'><strong>txxx</strong></span> <span class='ocrx_word' id='word_1_2' title='bbox 614 719 1002 789; x_wconf 70' lang='lat' dir='ltr'><strong>rttotnootuttttt</strong></span> <span class='ocrx_word' id='word_1_3' title='bbox 1046 718 1209 787; x_wconf 62' lang='lat' dir='ltr'><strong>ctum.</strong></span> <span class='ocrx_word' id='word_1_4' title='bbox 1310 746 1315 767; x_wconf 87' lang='grc'>·</span> <span class='ocrx_word' id='word_1_5' title='bbox 1423 714 1427 723; x_wconf 89' lang='grc'><strong>’</strong></span> 
     </span>
    </p>
   </div>
   <div class='ocr_carea' id='block_1_2' title="bbox 284 887 1451 4660">
    <p class='ocr_par' dir='ltr' id='par_1_2' title="bbox 284 887 1451 4660">
     <span class='ocr_line' id='line_1_2' title="bbox 393 887 1438 999; baseline -0.002 -32"><span class='ocrx_word' id='word_1_6' title='bbox 393 895 565 969; x_wconf 77' lang='lat' dir='ltr'><strong>fefellisse.</strong></span> <span class='ocrx_word' id='word_1_7' title='bbox 626 892 712 968; x_wconf 92' lang='lat' dir='ltr'><strong>Nam</strong></span> <span class='ocrx_word' id='word_1_8' title='bbox 744 916 842 989; x_wconf 92' lang='lat' dir='ltr'><strong>quum</strong></span> <span class='ocrx_word' id='word_1_9' title='bbox 867 891 902 987; x_wconf 92' lang='lat' dir='ltr'><strong>I,</strong></span> <span class='ocrx_word' id='word_1_10' title='bbox 938 893 1007 987; x_wconf 88' lang='lat'><strong>18,</strong></span> <span class='ocrx_word' id='word_1_11' title='bbox 1036 892 1073 963; x_wconf 89' lang='lat'><strong>3.</strong></span> <span class='ocrx_word' id='word_1_12' title='bbox 1110 893 1144 963; x_wconf 91' lang='lat' dir='ltr'><strong>in</strong></span> <span class='ocrx_word' id='word_1_13' title='bbox 1169 887 1438 999; x_wconf 84' lang='lat' dir='ltr'><strong>codicelegatur</strong></span> 
     </span>
     <span class='ocr_line' id='line_1_3' title="bbox 394 1026 1439 1119; baseline -0.004 -16"><span class='ocrx_word' id='word_1_14' title='bbox 394 1032 498 1104; x_wconf 81' lang='lat' dir='ltr'><strong>ordea</strong></span> <span class='ocrx_word' id='word_1_15' title='bbox 532 1040 574 1102; x_wconf 84' lang='lat' dir='ltr'><strong>et</strong></span> <span class='ocrx_word' id='word_1_16' title='bbox 609 1029 795 1103; x_wconf 80' lang='lat' dir='ltr'><strong>ioo‘tolia</strong></span> <span class='ocrx_word' id='word_1_17' title='bbox 830 1029 986 1101; x_wconf 81' lang='lat' dir='ltr'><strong>talium</strong></span> <span class='ocrx_word' id='word_1_18' title='bbox 1019 1026 1210 1099; x_wconf 79' lang='lat' dir='ltr'><strong>studiorum</strong></span> <span class='ocrx_word' id='word_1_19' title='bbox 1232 1026 1346 1119; x_wconf 66' lang='lat' dir='ltr'><strong>fidere</strong></span> <span class='ocrx_word' id='word_1_20' title='bbox 1371 1038 1439 1099; x_wconf 82' lang='lat' dir='ltr'><strong>ate·</strong></span> 
     </span>
     <span class='ocr_line' id='line_1_4' title="bbox 393 1152 1447 1259; baseline -0.004 -20"><span class='ocrx_word' id='word_1_21' title='bbox 393 1152 501 1259; x_wconf 69' lang='lat' dir='ltr'><strong>re&#39;les,</strong></span> <span class='ocrx_word' id='word_1_22' title='bbox 539 1167 572 1237; x_wconf 94' lang='lat' dir='ltr'><strong>in</strong></span> <span class='ocrx_word' id='word_1_23' title='bbox 603 1165 654 1238; x_wconf 88' lang='lat' dir='ltr'><strong>ed.</strong></span> <span class='ocrx_word' id='word_1_24' title='bbox 681 1189 731 1259; x_wconf 88' lang='lat' dir='ltr'><strong>pr.</strong></span> <span class='ocrx_word' id='word_1_25' title='bbox 768 1165 900 1259; x_wconf 74' lang='lat' dir='ltr'><strong>scripsit</strong></span> <span class='ocrx_word' id='word_1_26' title='bbox 933 1163 1037 1236; x_wconf 78' lang='lat' dir='ltr'><strong>orbes</strong></span> <span class='ocrx_word' id='word_1_27' title='bbox 1067 1164 1220 1236; x_wconf 79' lang='lat' dir='ltr'><strong>taliam</strong></span> <span class='ocrx_word' id='word_1_28' title='bbox 1249 1161 1447 1235; x_wconf 76' lang='lat' dir='ltr'><strong>studiorum·</strong></span> 
     </span>
     <span class='ocr_line' id='line_1_5' title="bbox 382 1280 1441 1407; baseline -0.004 -33"><span class='ocrx_word' id='word_1_29' title='bbox 382 1302 497 1396; x_wconf 83' lang='lat' dir='ltr'><strong>suere</strong></span> <span class='ocrx_word' id='word_1_30' title='bbox 524 1300 687 1392; x_wconf 70' lang='lat' dir='ltr'><strong>steriles,</strong></span> <span class='ocrx_word' id='word_1_31' title='bbox 712 1280 829 1389; x_wconf 85' lang='lat' dir='ltr'><strong>-Il,</strong></span> <span class='ocrx_word' id='word_1_32' title='bbox 856 1298 945 1389; x_wconf 80' lang='lat'><strong>107,</strong></span> <span class='ocrx_word' id='word_1_33' title='bbox 970 1301 1009 1407; x_wconf 92' lang='grc'><strong>2.</strong></span> <span class='ocrx_word' id='word_1_34' title='bbox 1038 1322 1097 1392; x_wconf 92' lang='lat' dir='ltr'><strong>pro</strong></span> <span class='ocrx_word' id='word_1_35' title='bbox 1125 1297 1206 1371; x_wconf 85' lang='lat' dir='ltr'><strong>doto</strong></span> <span class='ocrx_word' id='word_1_36' title='bbox 1227 1300 1367 1395; x_wconf 84' lang='lat' dir='ltr'><strong>petenti</strong></span> <span class='ocrx_word' id='word_1_37' title='bbox 1376 1297 1441 1391; x_wconf 81' lang='lat' dir='ltr'><strong>fa-</strong></span> 
     </span>
     <span class='ocr_line' id='line_1_6' title="bbox 302 1404 1442 1532; baseline -0.004 -23"><span class='ocrx_word' id='word_1_38' title='bbox 302 1460 311 1477; x_wconf 64' lang='grc'>’</span> <span class='ocrx_word' id='word_1_39' title='bbox 397 1438 509 1511; x_wconf 81' lang='lat' dir='ltr'><strong>collos</strong></span> <span class='ocrx_word' id='word_1_40' title='bbox 536 1404 666 1532; x_wconf 87' lang='lat' dir='ltr'><strong>scripsit</strong></span> <span class='ocrx_word' id='word_1_41' title='bbox 684 1434 765 1508; x_wconf 85' lang='lat' dir='ltr'><strong>dato</strong></span> <span class='ocrx_word' id='word_1_42' title='bbox 791 1458 813 1507; x_wconf 87' lang='lat' dir='ltr'><strong>o</strong></span> <span class='ocrx_word' id='word_1_43' title='bbox 835 1431 1029 1507; x_wconf 76' lang='lat' dir='ltr'><strong>Caesare</strong></span> <span class='ocrx_word' id='word_1_44' title='bbox 1049 1433 1442 1531; x_wconf 72' lang='lat' dir='ltr'><strong>petentt&#39;socultac5-</strong></span> 
     </span>
     <span class='ocr_line' id='line_1_7' title="bbox 395 1554 1439 1669; baseline -0.003 -24"><span class='ocrx_word' id='word_1_45' title='bbox 395 1571 446 1665; x_wconf 90' lang='lat' dir='ltr'><strong>ll,</strong></span> <span class='ocrx_word' id='word_1_46' title='bbox 475 1574 571 1667; x_wconf 83' lang='lat'><strong>110,</strong></span> <span class='ocrx_word' id='word_1_47' title='bbox 596 1573 632 1644; x_wconf 80' lang='lat'><strong>4.</strong></span> <span class='ocrx_word' id='word_1_48' title='bbox 661 1594 720 1669; x_wconf 91' lang='lat' dir='ltr'><strong>pro</strong></span> <span class='ocrx_word' id='word_1_49' title='bbox 752 1576 841 1667; x_wconf 78' lang='lat' dir='ltr'><strong>porc</strong></span> <span class='ocrx_word' id='word_1_50' title='bbox 869 1554 1031 1667; x_wconf 78' lang='lat' dir='ltr'><strong>petere</strong></span> <span class='ocrx_word' id='word_1_51' title='bbox 1058 1569 1194 1642; x_wconf 79' lang='lat' dir='ltr'><strong>Italiam</strong></span> <span class='ocrx_word' id='word_1_52' title='bbox 1220 1568 1439 1663; x_wconf 80' lang='lat' dir='ltr'><strong>decreverat,</strong></span> 
     </span>
     <span class='ocr_line' id='line_1_8' title="bbox 399 1704 1439 1805; baseline -0.004 -24"><span class='ocrx_word' id='word_1_53' title='bbox 399 1708 546 1781; x_wconf 80' lang='lat' dir='ltr'><strong>exhibuit</strong></span> <span class='ocrx_word' id='word_1_54' title='bbox 575 1731 665 1805; x_wconf 82' lang='lat' dir='ltr'><strong>pore</strong></span> <span class='ocrx_word' id='word_1_55' title='bbox 694 1730 950 1804; x_wconf 78' lang='lat' dir='ltr'><strong>properare</strong></span> <span class='ocrx_word' id='word_1_56' title='bbox 981 1707 1024 1779; x_wconf 82' lang='lat' dir='ltr'><strong>in</strong></span> <span class='ocrx_word' id='word_1_57' title='bbox 1058 1704 1193 1778; x_wconf 81' lang='lat' dir='ltr'><strong>Italiam</strong></span> <span class='ocrx_word' id='word_1_58' title='bbox 1220 1704 1439 1777; x_wconf 81' lang='lat' dir='ltr'><strong>decreverat.</strong></span> 
     </span>
     <span class='ocr_line' id='line_1_9' title="bbox 398 1810 1443 1939; baseline -0.004 -23"><span class='ocrx_word' id='word_1_59' title='bbox 398 1810 465 1917; x_wconf 71' lang='lat' dir='ltr'><strong>&#39;Set</strong></span> <span class='ocrx_word' id='word_1_60' title='bbox 491 1867 555 1915; x_wconf 92' lang='lat' dir='ltr'><strong>non</strong></span> <span class='ocrx_word' id='word_1_61' title='bbox 577 1844 677 1915; x_wconf 93' lang='lat' dir='ltr'><strong>multo</strong></span> <span class='ocrx_word' id='word_1_62' title='bbox 708 1866 789 1938; x_wconf 92' lang='lat' dir='ltr'><strong>opus</strong></span> <span class='ocrx_word' id='word_1_63' title='bbox 814 1844 867 1914; x_wconf 87' lang='lat' dir='ltr'><strong>est</strong></span> <span class='ocrx_word' id='word_1_64' title='bbox 891 1840 1037 1935; x_wconf 79' lang='lat' dir='ltr'><strong>acumine</strong></span> <span class='ocrx_word' id='word_1_65' title='bbox 1072 1840 1112 1939; x_wconf 81' lang='lat' dir='ltr'><strong>ad</strong></span> <span class='ocrx_word' id='word_1_66' title='bbox 1140 1839 1337 1935; x_wconf 91' lang='lat' dir='ltr'><strong>videndum,</strong></span> <span class='ocrx_word' id='word_1_67' title='bbox 1364 1864 1443 1937; x_wconf 91' lang='lat' dir='ltr'><strong>quo·</strong></span> 
     </span>
     <span class='ocr_line' id='line_1_10' title="bbox 362 1972 1443 2072; baseline -0.005 -20"><span class='ocrx_word' id='word_1_68' title='bbox 362 2054 367 2067; x_wconf 27' lang='lat'>¹</span> <span class='ocrx_word' id='word_1_69' title='bbox 397 1977 491 2052; x_wconf 93' lang='lat' dir='ltr'><strong>modo</strong></span> <span class='ocrx_word' id='word_1_70' title='bbox 519 1979 601 2050; x_wconf 88' lang='lat' dir='ltr'><strong>istac</strong></span> <span class='ocrx_word' id='word_1_71' title='bbox 628 1976 861 2072; x_wconf 76' lang='lat' dir='ltr'><strong>discrepantiae</strong></span> <span class='ocrx_word' id='word_1_72' title='bbox 888 1972 986 2048; x_wconf 76' lang='lat' dir='ltr'><strong>¹ortae</strong></span> <span class='ocrx_word' id='word_1_73' title='bbox 1020 1978 1097 2050; x_wconf 92' lang='lat' dir='ltr'><strong>sint.</strong></span> <span class='ocrx_word' id='word_1_74' title='bbox 1151 1974 1313 2050; x_wconf 84' lang='lat' dir='ltr'><strong>Nimirum</strong></span> <span class='ocrx_word' id='word_1_75' title='bbox 1339 1977 1443 2071; x_wconf 94' lang='lat' dir='ltr'><strong>primo</strong></span> 
     </span>
     <span class='ocr_line' id='line_1_11' title="bbox 398 2109 1445 2206; baseline -0.001 -21"><span class='ocrx_word' id='word_1_76' title='bbox 398 2114 469 2187; x_wconf 89' lang='lat' dir='ltr'><strong>loeo</strong></span> <span class='ocrx_word' id='word_1_77' title='bbox 494 2112 668 2186; x_wconf 86' lang='lat' dir='ltr'><strong>llhenanus</strong></span> <span class='ocrx_word' id='word_1_78' title='bbox 695 2112 812 2184; x_wconf 89' lang='lat' dir='ltr'><strong>iudicio</strong></span> <span class='ocrx_word' id='word_1_79' title='bbox 838 2111 949 2205; x_wconf 85' lang='lat' dir='ltr'><strong>lapsus</strong></span> <span class='ocrx_word' id='word_1_80' title='bbox 977 2125 1051 2206; x_wconf 84' lang='lat' dir='ltr'><strong>est,</strong></span> <span class='ocrx_word' id='word_1_81' title='bbox 1079 2124 1171 2184; x_wconf 88' lang='lat' dir='ltr'><strong>ratus</strong></span> <span class='ocrx_word' id='word_1_82' title='bbox 1196 2109 1298 2185; x_wconf 86' lang='lat' dir='ltr'><strong>verba</strong></span> <span class='ocrx_word' id='word_1_83' title='bbox 1320 2123 1359 2185; x_wconf 86' lang='lat' dir='ltr'><strong>et</strong></span> <span class='ocrx_word' id='word_1_84' title='bbox 1381 2114 1445 2184; x_wconf 76' lang='lat' dir='ltr'><strong>eiat&#39;·</strong></span> 
     </span>
     <span class='ocr_line' id='line_1_12' title="bbox 399 2246 1443 2342; baseline -0.002 -21"><span class='ocrx_word' id='word_1_85' title='bbox 399 2251 484 2321; x_wconf 77' lang='lat' dir='ltr'><strong>talio</strong></span> <span class='ocrx_word' id='word_1_86' title='bbox 507 2274 550 2319; x_wconf 91' lang='lat' dir='ltr'><strong>ex</strong></span> <span class='ocrx_word' id='word_1_87' title='bbox 572 2250 685 2321; x_wconf 86' lang='lat' dir='ltr'><strong>insana</strong></span> <span class='ocrx_word' id='word_1_88' title='bbox 707 2247 872 2342; x_wconf 88' lang='lat' dir='ltr'><strong>sequentis</strong></span> <span class='ocrx_word' id='word_1_89' title='bbox 894 2246 986 2319; x_wconf 85' lang='lat' dir='ltr'><strong>vocis</strong></span> <span class='ocrx_word' id='word_1_90' title='bbox 1006 2248 1220 2342; x_wconf 78' lang='lat' dir='ltr'><strong>geminatione</strong></span> <span class='ocrx_word' id='word_1_91' title='bbox 1240 2247 1328 2319; x_wconf 88' lang='lat' dir='ltr'><strong>illata</strong></span> <span class='ocrx_word' id='word_1_92' title='bbox 1351 2271 1443 2342; x_wconf 88' lang='lat' dir='ltr'><strong>esse,</strong></span> 
     </span>
     <span class='ocr_line' id='line_1_13' title="bbox 400 2368 1445 2481; baseline 0 -26"><span class='ocrx_word' id='word_1_93' title='bbox 400 2408 503 2481; x_wconf 87' lang='lat' dir='ltr'><strong>coque</strong></span> <span class='ocrx_word' id='word_1_94' title='bbox 524 2385 593 2455; x_wconf 90' lang='lat' dir='ltr'><strong>sine</strong></span> <span class='ocrx_word' id='word_1_95' title='bbox 618 2380 815 2456; x_wconf 74' lang='lat' dir='ltr'><strong>dubitatione</strong></span> <span class='ocrx_word' id='word_1_96' title='bbox 836 2368 987 2478; x_wconf 75' lang='lat' dir='ltr'><strong>tanquam</strong></span> <span class='ocrx_word' id='word_1_97' title='bbox 1007 2407 1075 2455; x_wconf 87' lang='lat' dir='ltr'><strong>rem</strong></span> <span class='ocrx_word' id='word_1_98' title='bbox 1098 2382 1234 2454; x_wconf 86' lang='lat' dir='ltr'><strong>alienam</strong></span> <span class='ocrx_word' id='word_1_99' title='bbox 1254 2396 1288 2454; x_wconf 89' lang='lat' dir='ltr'><strong>et</strong></span> <span class='ocrx_word' id='word_1_100' title='bbox 1306 2383 1386 2455; x_wconf 92' lang='lat' dir='ltr'><strong>nihil</strong></span> <span class='ocrx_word' id='word_1_101' title='bbox 1405 2381 1445 2455; x_wconf 86' lang='lat' dir='ltr'><strong>ad</strong></span> 
     </span>
     <span class='ocr_line' id='line_1_14' title="bbox 398 2516 1443 2615; baseline -0.001 -23"><span class='ocrx_word' id='word_1_102' title='bbox 398 2517 563 2592; x_wconf 90' lang='lat' dir='ltr'><strong>Velleium</strong></span> <span class='ocrx_word' id='word_1_103' title='bbox 585 2518 801 2615; x_wconf 76' lang='lat' dir='ltr'><strong>pertinentem</strong></span> <span class='ocrx_word' id='word_1_104' title='bbox 826 2517 946 2613; x_wconf 88' lang='lat' dir='ltr'><strong>expelli</strong></span> <span class='ocrx_word' id='word_1_105' title='bbox 974 2541 1086 2612; x_wconf 90' lang='lat' dir='ltr'><strong>posse.</strong></span> <span class='ocrx_word' id='word_1_106' title='bbox 1138 2517 1176 2588; x_wconf 93' lang='lat' dir='ltr'><strong>ln</strong></span> <span class='ocrx_word' id='word_1_107' title='bbox 1203 2516 1306 2590; x_wconf 82' lang='lat' dir='ltr'><strong>altero</strong></span> <span class='ocrx_word' id='word_1_108' title='bbox 1331 2531 1443 2613; x_wconf 86' lang='lat' dir='ltr'><strong>aperte</strong></span> 
     </span>
     <span class='ocr_line' id='line_1_15' title="bbox 398 2652 1447 2752; baseline -0.001 -24"><span class='ocrx_word' id='word_1_109' title='bbox 398 2654 592 2752; x_wconf 89' lang='lat' dir='ltr'><strong>imprudenti</strong></span> <span class='ocrx_word' id='word_1_110' title='bbox 627 2653 821 2727; x_wconf 84' lang='lat' dir='ltr'><strong>exciderunt</strong></span> <span class='ocrx_word' id='word_1_111' title='bbox 846 2676 930 2752; x_wconf 87' lang='lat' dir='ltr'><strong>quac</strong></span> <span class='ocrx_word' id='word_1_112' title='bbox 963 2655 1117 2749; x_wconf 87' lang='lat' dir='ltr'><strong>scripsit&#39;;</strong></span> <span class='ocrx_word' id='word_1_113' title='bbox 1156 2676 1228 2726; x_wconf 90' lang='lat' dir='ltr'><strong>nam</strong></span> <span class='ocrx_word' id='word_1_114' title='bbox 1251 2652 1331 2727; x_wconf 86' lang='lat' dir='ltr'><strong>¹dunt</strong></span> <span class='ocrx_word' id='word_1_115' title='bbox 1361 2655 1447 2728; x_wconf 90' lang='lat' dir='ltr'><strong>inter</strong></span> 
     </span>
     <span class='ocr_line' id='line_1_16' title="bbox 284 2785 1447 2888; baseline -0.002 -24"><span class='ocrx_word' id='word_1_116' title='bbox 284 2785 289 2792; x_wconf 70' lang='grc'><em>“</em></span> <span class='ocrx_word' id='word_1_117' title='bbox 400 2791 607 2864; x_wconf 89' lang='lat' dir='ltr'><strong>scribendum</strong></span> <span class='ocrx_word' id='word_1_118' title='bbox 632 2792 769 2888; x_wconf 83' lang='lat' dir='ltr'><strong>cogitat,</strong></span> <span class='ocrx_word' id='word_1_119' title='bbox 798 2788 838 2861; x_wconf 86' lang='lat' dir='ltr'><strong>ad</strong></span> <span class='ocrx_word' id='word_1_120' title='bbox 865 2812 1034 2887; x_wconf 88' lang='lat' dir='ltr'><strong>quemnam</strong></span> <span class='ocrx_word' id='word_1_121' title='bbox 1056 2789 1227 2861; x_wconf 81' lang='lat' dir='ltr'><strong>referenda</strong></span> <span class='ocrx_word' id='word_1_122' title='bbox 1244 2804 1341 2862; x_wconf 87' lang='lat' dir='ltr'><strong>osset</strong></span> <span class='ocrx_word' id='word_1_123' title='bbox 1365 2789 1447 2864; x_wconf 85' lang='lat' dir='ltr'><strong>dato</strong></span> 
     </span>
     <span class='ocr_line' id='line_1_17' title="bbox 399 2911 1447 3022; baseline 0.001 -23"><span class='ocrx_word' id='word_1_124' title='bbox 399 2951 481 3020; x_wconf 84' lang='lat' dir='ltr'><strong>vox,</strong></span> <span class='ocrx_word' id='word_1_125' title='bbox 508 2929 610 3022; x_wconf 90' lang='lat' dir='ltr'><strong>ipsius</strong></span> <span class='ocrx_word' id='word_1_126' title='bbox 631 2923 793 2999; x_wconf 69' lang='lat' dir='ltr'><strong>Caesareo</strong></span> <span class='ocrx_word' id='word_1_127' title='bbox 816 2949 933 3000; x_wconf 86' lang='lat' dir='ltr'><strong>nomen</strong></span> <span class='ocrx_word' id='word_1_128' title='bbox 959 2911 1080 3020; x_wconf 72' lang='lat' dir='ltr'><strong>calamo</strong></span> <span class='ocrx_word' id='word_1_129' title='bbox 1104 2924 1250 3021; x_wconf 86' lang='lat' dir='ltr'><strong>clapsum</strong></span> <span class='ocrx_word' id='word_1_130' title='bbox 1274 2939 1339 2998; x_wconf 87' lang='lat' dir='ltr'><strong>est.</strong></span> <span class='ocrx_word' id='word_1_131' title='bbox 1385 2926 1447 3000; x_wconf 89' lang='lat' dir='ltr'><strong>Pa·</strong></span> 
     </span>
     <span class='ocr_line' id='line_1_18' title="bbox 334 3035 1448 3156; baseline 0 -22"><span class='ocrx_word' id='word_1_132' title='bbox 334 3111 337 3116; x_wconf 88' lang='lat'>·</span> <span class='ocrx_word' id='word_1_133' title='bbox 399 3063 481 3134; x_wconf 88' lang='lat' dir='ltr'><strong>riter</strong></span> <span class='ocrx_word' id='word_1_134' title='bbox 513 3061 610 3134; x_wconf 88' lang='lat' dir='ltr'><strong>tertio</strong></span> <span class='ocrx_word' id='word_1_135' title='bbox 638 3071 763 3156; x_wconf 80' lang='lat' dir='ltr'><strong>petere</strong></span> <span class='ocrx_word' id='word_1_136' title='bbox 795 3062 850 3132; x_wconf 89' lang='lat' dir='ltr'><strong>vel</strong></span> <span class='ocrx_word' id='word_1_137' title='bbox 883 3084 945 3156; x_wconf 91' lang='lat' dir='ltr'><strong>per</strong></span> <span class='ocrx_word' id='word_1_138' title='bbox 959 3035 1123 3133; x_wconf 89' lang='lat' dir='ltr'><strong>incuriam</strong></span> <span class='ocrx_word' id='word_1_139' title='bbox 1149 3074 1256 3134; x_wconf 87' lang='lat' dir='ltr'><strong>mente</strong></span> <span class='ocrx_word' id='word_1_140' title='bbox 1282 3076 1448 3156; x_wconf 85' lang='lat' dir='ltr'><strong>permuta·</strong></span> 
     </span>
     <span class='ocr_line' id='line_1_19' title="bbox 399 3193 1447 3293; baseline 0.002 -25"><span class='ocrx_word' id='word_1_141' title='bbox 399 3197 449 3268; x_wconf 89' lang='lat' dir='ltr'><strong>vit</strong></span> <span class='ocrx_word' id='word_1_142' title='bbox 474 3219 547 3268; x_wconf 89' lang='lat' dir='ltr'><strong>cum</strong></span> <span class='ocrx_word' id='word_1_143' title='bbox 573 3195 670 3267; x_wconf 84' lang='lat' dir='ltr'><strong>simili</strong></span> <span class='ocrx_word' id='word_1_144' title='bbox 696 3193 856 3285; x_wconf 82' lang='lat' dir='ltr'><strong>dictione,</strong></span> <span class='ocrx_word' id='word_1_145' title='bbox 891 3194 947 3266; x_wconf 83' lang='lat' dir='ltr'><strong>rel</strong></span> <span class='ocrx_word' id='word_1_146' title='bbox 972 3197 1006 3267; x_wconf 97' lang='lat' dir='ltr'><strong>in</strong></span> <span class='ocrx_word' id='word_1_147' title='bbox 1031 3196 1177 3292; x_wconf 86' lang='lat' dir='ltr'><strong>legendis</strong></span> <span class='ocrx_word' id='word_1_148' title='bbox 1200 3195 1312 3270; x_wconf 88' lang='lat' dir='ltr'><strong>verbis</strong></span> <span class='ocrx_word' id='word_1_149' title='bbox 1345 3199 1447 3293; x_wconf 92' lang='lat' dir='ltr'><strong>impe·</strong></span> 
     </span>
     <span class='ocr_line' id='line_1_20' title="bbox 400 3328 1448 3426; baseline 0 -20"><span class='ocrx_word' id='word_1_150' title='bbox 400 3331 485 3408; x_wconf 87' lang='lat' dir='ltr'><strong>ditus</strong></span> <span class='ocrx_word' id='word_1_151' title='bbox 513 3330 568 3422; x_wconf 91' lang='lat' dir='ltr'><strong>id,</strong></span> <span class='ocrx_word' id='word_1_152' title='bbox 597 3328 683 3426; x_wconf 94' lang='lat' dir='ltr'><strong>quod</strong></span> <span class='ocrx_word' id='word_1_153' title='bbox 709 3329 818 3424; x_wconf 88' lang='lat' dir='ltr'><strong>dedit,</strong></span> <span class='ocrx_word' id='word_1_154' title='bbox 845 3330 973 3402; x_wconf 89' lang='lat' dir='ltr'><strong>eruisse</strong></span> <span class='ocrx_word' id='word_1_155' title='bbox 1000 3330 1060 3402; x_wconf 91' lang='lat' dir='ltr'><strong>sibi</strong></span> <span class='ocrx_word' id='word_1_156' title='bbox 1087 3332 1179 3403; x_wconf 86' lang='lat' dir='ltr'><strong>visus</strong></span> <span class='ocrx_word' id='word_1_157' title='bbox 1208 3344 1272 3404; x_wconf 88' lang='lat' dir='ltr'><strong>est.</strong></span> <span class='ocrx_word' id='word_1_158' title='bbox 1323 3330 1448 3424; x_wconf 79' lang='lat' dir='ltr'><strong>Quodsi</strong></span> 
     </span>
     <span class='ocr_line' id='line_1_21' title="bbox 400 3463 1449 3564; baseline 0.002 -25"><span class='ocrx_word' id='word_1_159' title='bbox 400 3466 518 3540; x_wconf 86' lang='lat' dir='ltr'><strong>abhis</strong></span> <span class='ocrx_word' id='word_1_160' title='bbox 547 3466 704 3561; x_wconf 83' lang='lat' dir='ltr'><strong>exemplis</strong></span> <span class='ocrx_word' id='word_1_161' title='bbox 740 3464 954 3556; x_wconf 82' lang='lat' dir='ltr'><strong>discesseris,</strong></span> <span class='ocrx_word' id='word_1_162' title='bbox 989 3463 1044 3558; x_wconf 75' lang='lat' dir='ltr'><strong>ulti</strong></span> <span class='ocrx_word' id='word_1_163' title='bbox 1076 3465 1184 3562; x_wconf 89' lang='lat' dir='ltr'><strong>paullo</strong></span> <span class='ocrx_word' id='word_1_164' title='bbox 1214 3466 1350 3540; x_wconf 91' lang='lat' dir='ltr'><strong>liberius</strong></span> <span class='ocrx_word' id='word_1_165' title='bbox 1377 3470 1449 3564; x_wconf 89' lang='lat' dir='ltr'><strong>qui·</strong></span> 
     </span>
     <span class='ocr_line' id='line_1_22' title="bbox 401 3599 1448 3696; baseline 0.003 -23"><span class='ocrx_word' id='word_1_166' title='bbox 401 3601 496 3694; x_wconf 90' lang='lat' dir='ltr'><strong>dem,</strong></span> <span class='ocrx_word' id='word_1_167' title='bbox 533 3615 569 3674; x_wconf 91' lang='lat' dir='ltr'><strong>ut</strong></span> <span class='ocrx_word' id='word_1_168' title='bbox 594 3625 678 3674; x_wconf 93' lang='lat' dir='ltr'><strong>nunc</strong></span> <span class='ocrx_word' id='word_1_169' title='bbox 706 3613 759 3673; x_wconf 90' lang='lat' dir='ltr'><strong>est</strong></span> <span class='ocrx_word' id='word_1_170' title='bbox 784 3599 986 3674; x_wconf 92' lang='lat' dir='ltr'><strong>consuetudo</strong></span> <span class='ocrx_word' id='word_1_171' title='bbox 1000 3654 1017 3694; x_wconf 82' lang='lat'><strong>„</strong></span> <span class='ocrx_word' id='word_1_172' title='bbox 1040 3599 1099 3673; x_wconf 91' lang='lat' dir='ltr'><strong>sed</strong></span> <span class='ocrx_word' id='word_1_173' title='bbox 1125 3625 1183 3696; x_wconf 90' lang='lat' dir='ltr'><strong>pro</strong></span> <span class='ocrx_word' id='word_1_174' title='bbox 1209 3601 1339 3676; x_wconf 86' lang='lat' dir='ltr'><strong>illorum</strong></span> <span class='ocrx_word' id='word_1_175' title='bbox 1366 3617 1448 3676; x_wconf 90' lang='lat' dir='ltr'><strong>tem·</strong></span> 
     </span>
     <span class='ocr_line' id='line_1_23' title="bbox 400 3737 1450 3833; baseline 0.004 -23"><span class='ocrx_word' id='word_1_176' title='bbox 400 3761 515 3833; x_wconf 92' lang='lat' dir='ltr'><strong>porum</strong></span> <span class='ocrx_word' id='word_1_177' title='bbox 540 3750 574 3810; x_wconf 89' lang='lat' dir='ltr'><strong>ct</strong></span> <span class='ocrx_word' id='word_1_178' title='bbox 600 3738 651 3808; x_wconf 91' lang='lat' dir='ltr'><strong>sui</strong></span> <span class='ocrx_word' id='word_1_179' title='bbox 678 3737 804 3808; x_wconf 88' lang='lat' dir='ltr'><strong>consilii</strong></span> <span class='ocrx_word' id='word_1_180' title='bbox 833 3738 959 3812; x_wconf 88' lang='lat' dir='ltr'><strong>ratione</strong></span> <span class='ocrx_word' id='word_1_181' title='bbox 984 3738 1112 3810; x_wconf 91' lang='lat' dir='ltr'><strong>minime</strong></span> <span class='ocrx_word' id='word_1_182' title='bbox 1135 3737 1276 3809; x_wconf 86' lang='lat' dir='ltr'><strong>licenter</strong></span> <span class='ocrx_word' id='word_1_183' title='bbox 1293 3753 1351 3811; x_wconf 91' lang='lat' dir='ltr'><strong>aut</strong></span> <span class='ocrx_word' id='word_1_184' title='bbox 1374 3763 1450 3814; x_wconf 90' lang='lat' dir='ltr'><strong>cum</strong></span> 
     </span>
     <span class='ocr_line' id='line_1_24' title="bbox 400 3871 1450 3970; baseline 0.002 -24"><span class='ocrx_word' id='word_1_185' title='bbox 400 3875 484 3946; x_wconf 88' lang='lat' dir='ltr'><strong>mala</strong></span> <span class='ocrx_word' id='word_1_186' title='bbox 509 3871 572 3944; x_wconf 88' lang='lat' dir='ltr'><strong>lide</strong></span> <span class='ocrx_word' id='word_1_187' title='bbox 601 3873 711 3945; x_wconf 91' lang='lat' dir='ltr'><strong>codice</strong></span> <span class='ocrx_word' id='word_1_188' title='bbox 738 3896 819 3946; x_wconf 93' lang='lat' dir='ltr'><strong>usus</strong></span> <span class='ocrx_word' id='word_1_189' title='bbox 842 3887 915 3965; x_wconf 86' lang='lat' dir='ltr'><strong>est,</strong></span> <span class='ocrx_word' id='word_1_190' title='bbox 951 3875 984 3946; x_wconf 91' lang='lat' dir='ltr'><strong>in</strong></span> <span class='ocrx_word' id='word_1_191' title='bbox 1010 3875 1166 3945; x_wconf 79' lang='lat' dir='ltr'><strong>universa</strong></span> <span class='ocrx_word' id='word_1_192' title='bbox 1192 3872 1333 3945; x_wconf 87' lang='lat' dir='ltr'><strong>editione</strong></span> <span class='ocrx_word' id='word_1_193' title='bbox 1361 3877 1450 3970; x_wconf 90' lang='lat' dir='ltr'><strong>prin·</strong></span> 
     </span>
     <span class='ocr_line' id='line_1_25' title="bbox 400 4006 1451 4106; baseline 0.003 -25"><span class='ocrx_word' id='word_1_194' title='bbox 400 4009 470 4103; x_wconf 87' lang='lat' dir='ltr'><strong>cipe</strong></span> <span class='ocrx_word' id='word_1_195' title='bbox 497 4007 574 4079; x_wconf 81' lang='lat' dir='ltr'><strong>nihil</strong></span> <span class='ocrx_word' id='word_1_196' title='bbox 602 4018 668 4097; x_wconf 89' lang='lat' dir='ltr'><strong>est,</strong></span> <span class='ocrx_word' id='word_1_197' title='bbox 697 4007 782 4104; x_wconf 89' lang='lat' dir='ltr'><strong>quod</strong></span> <span class='ocrx_word' id='word_1_198' title='bbox 802 4006 857 4080; x_wconf 88' lang='lat' dir='ltr'><strong>vel</strong></span> <span class='ocrx_word' id='word_1_199' title='bbox 879 4007 1082 4080; x_wconf 82' lang='lat' dir='ltr'><strong>leuissimum</strong></span> <span class='ocrx_word' id='word_1_200' title='bbox 1105 4007 1333 4084; x_wconf 86' lang='lat' dir='ltr'><strong>documentum</strong></span> <span class='ocrx_word' id='word_1_201' title='bbox 1355 4033 1451 4106; x_wconf 90' lang='lat' dir='ltr'><strong>prae·</strong></span> 
     </span>
     <span class='ocr_line' id='line_1_26' title="bbox 399 4139 1451 4239; baseline 0.002 -23"><span class='ocrx_word' id='word_1_202' title='bbox 399 4140 497 4235; x_wconf 77' lang='lat' dir='ltr'><strong>beot,</strong></span> <span class='ocrx_word' id='word_1_203' title='bbox 523 4139 713 4214; x_wconf 86' lang='lat' dir='ltr'><strong>llhcnanum</strong></span> <span class='ocrx_word' id='word_1_204' title='bbox 743 4139 829 4212; x_wconf 86' lang='lat' dir='ltr'><strong>fictis</strong></span> <span class='ocrx_word' id='word_1_205' title='bbox 855 4139 1050 4215; x_wconf 88' lang='lat' dir='ltr'><strong>lectionibus</strong></span> <span class='ocrx_word' id='word_1_206' title='bbox 1075 4140 1216 4215; x_wconf 87' lang='lat' dir='ltr'><strong>lectores</strong></span> <span class='ocrx_word' id='word_1_207' title='bbox 1241 4142 1377 4239; x_wconf 81' lang='lat' dir='ltr'><strong>fallere,</strong></span> <span class='ocrx_word' id='word_1_208' title='bbox 1412 4171 1451 4218; x_wconf 87' lang='lat' dir='ltr'><strong>ac</strong></span> 
     </span>
     <span class='ocr_line' id='line_1_27' title="bbox 400 4275 1451 4376; baseline 0.003 -24"><span class='ocrx_word' id='word_1_209' title='bbox 400 4281 451 4352; x_wconf 90' lang='lat' dir='ltr'><strong>sui</strong></span> <span class='ocrx_word' id='word_1_210' title='bbox 488 4277 608 4376; x_wconf 82' lang='lat' dir='ltr'><strong>ingenii</strong></span> <span class='ocrx_word' id='word_1_211' title='bbox 655 4289 834 4349; x_wconf 83' lang='lat' dir='ltr'><strong>commenta</strong></span> <span class='ocrx_word' id='word_1_212' title='bbox 865 4300 926 4373; x_wconf 92' lang='lat' dir='ltr'><strong>pro</strong></span> <span class='ocrx_word' id='word_1_213' title='bbox 960 4275 1081 4352; x_wconf 85' lang='lat' dir='ltr'><strong>Vellcii</strong></span> <span class='ocrx_word' id='word_1_214' title='bbox 1113 4276 1224 4350; x_wconf 79' lang='lat' dir='ltr'><strong>verbis</strong></span> <span class='ocrx_word' id='word_1_215' title='bbox 1250 4278 1451 4355; x_wconf 79' lang='lat' dir='ltr'><strong>venditando</strong></span> 
     </span>
     <span class='ocr_line' id='line_1_28' title="bbox 401 4411 1451 4510; baseline 0.005 -25"><span class='ocrx_word' id='word_1_216' title='bbox 401 4415 535 4510; x_wconf 82' lang='lat' dir='ltr'><strong>ignaros</strong></span> <span class='ocrx_word' id='word_1_217' title='bbox 557 4411 697 4487; x_wconf 85' lang='lat' dir='ltr'><strong>ludibrio</strong></span> <span class='ocrx_word' id='word_1_218' title='bbox 722 4411 841 4486; x_wconf 85' lang='lat' dir='ltr'><strong>ltnbere</strong></span> <span class='ocrx_word' id='word_1_219' title='bbox 858 4412 1048 4488; x_wconf 81' lang='lat' dir='ltr'><strong>studuisse.</strong></span> <span class='ocrx_word' id='word_1_220' title='bbox 1097 4411 1184 4488; x_wconf 87' lang='lat' dir='ltr'><strong>Nam</strong></span> <span class='ocrx_word' id='word_1_221' title='bbox 1210 4415 1265 4509; x_wconf 91' lang='lat' dir='ltr'><strong>qui</strong></span> <span class='ocrx_word' id='word_1_222' title='bbox 1281 4433 1451 4494; x_wconf 68' lang='lat' dir='ltr'><strong>,accurate</strong></span> 
     </span>
     <span class='ocr_line' id='line_1_29' title="bbox 401 4547 1451 4660; baseline 0.006 -38"><span class='ocrx_word' id='word_1_223' title='bbox 401 4549 540 4622; x_wconf 82' lang='lat' dir='ltr'><strong>animum</strong></span> <span class='ocrx_word' id='word_1_224' title='bbox 565 4548 767 4646; x_wconf 83' lang='lat' dir='ltr'><strong>adverterit,</strong></span> <span class='ocrx_word' id='word_1_225' title='bbox 801 4547 895 4624; x_wconf 89' lang='lat' dir='ltr'><strong>iacilc</strong></span> <span class='ocrx_word' id='word_1_226' title='bbox 925 4550 1070 4660; x_wconf 76' lang='lat' dir='ltr'><strong>reperiet</strong></span> <span class='ocrx_word' id='word_1_227' title='bbox 1094 4548 1213 4622; x_wconf 89' lang='lat' dir='ltr'><strong>multos</strong></span> <span class='ocrx_word' id='word_1_228' title='bbox 1240 4563 1375 4648; x_wconf 80' lang='lat' dir='ltr'><strong>exstare</strong></span> <span class='ocrx_word' id='word_1_229' title='bbox 1390 4553 1451 4628; x_wconf 88' lang='lat' dir='ltr'><strong>lo·</strong></span> 
     </span>
    </p>
   </div>
   <div class='ocr_carea' id='block_1_3' title="bbox 1242 4847 1331 5012">
    <p class='ocr_par' dir='ltr' id='par_1_3' title="bbox 1242 4847 1331 5012">
     <span class='ocr_line' id='line_1_30' title="bbox 1242 4847 1331 5012; baseline 0 0"><span class='ocrx_word' id='word_1_230' title='bbox 1242 4847 1331 5012; x_wconf 67' lang='lat' dir='ltr'><strong>«t</strong></span> 
     </span>
    </p>
   </div>
   <div class='ocr_carea' id='block_1_4' title="bbox 0 0 1846 5425">
    <p class='ocr_par' dir='ltr' id='par_1_4' title="bbox 0 0 1846 5425">
     <span class='ocr_line' id='line_1_31' title="bbox 0 0 1846 5425; baseline 0 0"><span class='ocrx_word' id='word_1_231' title='bbox 0 0 1846 5425; x_wconf 95' lang='lat' dir='ltr'><strong> </strong></span> 
     </span>
    </p>
   </div>
  </div>
 </body>
</html>
