3667 5425
721 740 979 815 PRAEFATIO?
1006 729 1009 735 ¹
1313 768 1360 814 vu

333 923 456 1015 posset,
482 908 725 1014 plurimaque
740 910 954 1015 superesse,
981 936 1079 1012 (pice
1093 912 1233 990 uovarn
1250 938 1357 990 eam-

330 1086 392 1158 que
422 1061 615 1136 acriorem
647 1068 686 1134 et
720 1060 1000 1134 accuratiorem
1018 1056 1192 1134 ¹editoris
1227 1084 1357 1137 curam
1389 1050 1391 1057 ¹

323 1214 530 1304 poscerent.
552 1200 820 1279 'Ruhnkeuius
842 1200 958 1297 enim,
984 1200 1219 1303 quamquain
1235 1208 1368 1280 multa.
1391 1204 1395 1211 '

321 1359 422 1426 ecrite
455 1344 518 1424 ac'
540 1349 723 1422 sollerter
743 1348 934 1441 correxit,'
974 1371 1100 1445 neque
1129 1352 1226 1424 'raro
1257 1374 1382 1426 vana.

318 1472 487 1594 prieruni
512 1494 710 1602 editorum
728 1499 943 1567 commenta
967 1484 1182 1594 redarguit,
1214 1492 1352 1589 tamen,
1392 1487 1394 1491 ¹

317 1665 431 1738 quum
457 1634 680 1739 perversam
701 1637 988 1734 obsoletcmque
1010 1638 1254 1734 antiprorum
1277 1639 1354 1712 cri-

315 1786 472 1858 ticorum
490 1784 722 1856 Batavorum
743 1779 933 1865 rationem
956 1782 1125 1857 nendum
1147 1778 1260 1880 plane
1284 1806 1359 1856 ex··
1415 1828 1424 1844 ι

315 1922 447 2023 uisset,
482 1927 557 2002 alia
582 1926 675 2000 vitia
699 1950 775 1999 nou
800 1925 971 2015 sustulit,
1003 1925 1076 1999 clia
1103 1926 1229 2001 iutulit
1254 1928 1350 2026 ipse,

316 2080 353 2147 et
385 2072 428 2144 in
460 2069 690 2169 recipiendis
731 2070 956 2146 coniecturis
995 2067 1075 2147 tarn
1106 2066 1245 2171 parum
1279 2073 1352 2146 sihi

316 2195 500 2309 coustitit,
533 2222 576 2288 ut
607 2214 747 2288 iustam
771 2221 899 2288 textus
906 2267 919 2307 ,
954 2241 1071 2314 quam
1096 2210 1255 2311 vocant,
1287 2240 1352 2290 re-

316 2362 531 2436 censionem
561 2358 666 2432 nullo
699 2360 818 2432 modo
850 2359 1083 2436 exhibuerit.
1143 2361 1352 2437 Kreusium

316 2515 462 2598 utitem,
500 2503 568 2602 qui
601 2511 705 2577 totus
738 2526 788 2575 ex
813 2504 1042 2580 Ruhnkenio
1076 2507 1217 2605 pendet
1225 2530 1242 2599 ,·
1274 2531 1350 2580 non

316 2651 473 2724 meliora
506 2649 592 2743 illo,
630 2642 755 2746 atque
778 2647 973 2723 interdum
1008 2648 1123 2724 ctiam
1158 2649 1351 2725 deteriore
1394 2637 1396 2640 ⁵

316 2787 481 2888 dedisse,
519 2818 597 2867 non
630 2800 685 2865 est
709 2794 874 2885 mirum,
913 2793 1056 2891 quippe
1082 2794 1147 2890 qui
1171 2788 1350 2867 facultate

316 2939 441 3013 critica
465 2938 580 3014 valde
605 2945 703 3011 essct
729 2937 944 3009 destitutus.
985 2929 1091 3011 Hauc
1115 2936 1230 3038 igitur
1255 2929 1351 3036 epe-

314 3084 362 3158 ris
378 3082 566 3157 Velleiani
584 3047 852 3155 con'dicioueni
872 3105 1105 3179 ‹ptamtpram
1125 3082 1228 3155 haud
1253 3107 1349 3179 pau-

315 3253 372 3303 cos
394 3226 637 3328 perspexisse
661 3219 953 3299 consentaneum
971 3233 1041 3321 est,
1066 3234 1193 3299 tamen
1212 3251 1351 3302 anavc

315 3373 434 3446 studio
480 3370 518 3446 ei
556 3369 813 3468 impendendo
846 3370 1026 3445 videntur
1060 3395 1107 3445 ee
1143 3364 1352 3465 absterriti‚'

317 3509 594 3615 quodpropter
632 3514 824 3587 defectum
852 3507 1084 3588 erixiliorum
1115 3515 1347 3609 criticorum,

318 3659 393 3735 siue
416 3660 556 3759 quibus
581 3658 631 3731 ad
651 3665 801 3734 veteres
827 3659 1063 3732 emendatius
1089 3661 1256 3733 edendos
1282 3677 1355 3733 ac·'

320 3803 398 3876 cedi
431 3829 510 3878 non
534 3803 650 3897 solet,
687 3810 766 3879 tarn
801 3802 1000 3901 singularis
1033 3809 1091 3873 est
1113 3801 1224 3878 huius
1253 3802 1349 3878 scri-

320 3949 428 4044 ptoris
450 3946 678 4021 emendandi
699 3946 816 4039 ratio,
854 3953 895 4019 ut
915 3971 939 4021 a
964 3953 1180 4019 ceterorum
1207 3954 1349 4021 tracta-

322 4091 412 4167 tione
447 4093 560 4193 longe
594 4091 801 4189 discrepet,
847 4099 887 4165 et
921 4117 997 4165 nou
1035 4091 1160 4166 selum
1193 4093 1357 4187 laboris,'

321 4236 377 4308 sed
408 4238 527 4312 etiam
553 4234 784 4310 difficultatis
814 4235 954 4309 habeat
977 4236 1199 4333 plurimum.
1250 4237 1349 4308 Nem

322 4403 430 4475 quum
456 4380 598 4457 Velleii
632 4380 792 4455 historia
811 4381 982 4454 Romana
1006 4404 1083 4454 uuo
1109 4386 1255 4453 tantum
1281 4406 1348 4455 co-

320 4522 414 4620 dice,
453 4527 594 4625 eoq'ue
617 4525 729 4602 valde
762 4517 898 4600 vitiose
932 4516 982 4601 ed
1013 4548 1083 4598 nos
1117 4525 1346 4627 pervenerit,
