3667 5425
464 750 549 815 XXX
695 744 1080 811 Puouuuottntrt.
1124 736 1271 813 cnuti.

465 935 585 1021 agente
611 919 756 1011 11‚82;
794 918 833 989 dc
863 916 972 990 Planci
1001 920 1130 1014 ineptiis
1157 918 1208 1011 ll,
1237 918 1306 1010 833
1336 917 1374 989 de
1401 915 1509 991 Asinii

464 1060 620 1135 Polbonis
646 1056 731 1127 dicto
757 1054 801 1145 ll,
819 1056 891 1145 863
922 1054 960 1125 de
982 1052 1136 1127 Caesaris
1163 1078 1236 1126 cum
1252 1052 1416 1127 Pharnace
1442 1055 1509 1126 col·

465 1196 575 1293 loquio
600 1192 653 1286 ll,
681 1192 775 1281 1013
820 1189 859 1262 de
888 1188 1048 1264 Germano
1079 1213 1157 1263 sene
1185 1189 1353 1263 Tiberium
1378 1192 1509 1263 uocate

465 1329 623 1423 11,107;
648 1327 688 1400 de
705 1325 818 1399 Coelio
832 1324 932 1400 Caldo
953 1350 990 1399 so
1010 1329 1114 1422 ipsum
1131 1328 1336 1399 interimente
1354 1324 1398 1418 ll,
1417 1328 1508 1400 120.

463 1468 501 1541 ln
536 1465 738 1561 singulorum
768 1464 870 1557 igitur
903 1461 1003 1536 rebus
1038 1464 1175 1559 singubs
1208 1460 1380 1537 offerendis
1410 1484 1513 1561 quum
1543 1438 1548 1450 ⁸

465 1596 635 1698 tintopcrc
668 1598 730 1672 sibi
764 1600 891 1695 placeat
923 1597 1097 1693 Velleius,
1140 1611 1178 1672 ut
1211 1600 1403 1673 universum
1436 1600 1511 1671 eius

451 1750 549 1837 ‘opus
571 1760 636 1811 non
660 1748 724 1809 tam
749 1736 901 1808 continua
924 1757 1034 1807 rerum
1051 1733 1267 1811 Romanarum
1288 1736 1511 1831 expositione,

466 1898 562 1973 quam
594 1894 807 1969 personarum
844 1870 1098 1944 memorabilium
1134 1870 1361 1967 compendiosa
1395 1894 1512 1945 recen·

466 2014 558 2085 sione
579 2021 723 2098 constet,
748 2007 895 2103 proiecto
913 2030 979 2080 non
1002 2020 1055 2078 est
1075 2005 1267 2098 mirandum,
1296 2030 1386 2100 eum,
1411 2032 1514 2105 quum

465 2147 506 2222 ad
532 2148 584 2221 sui
610 2145 765 2239 temporis
789 2143 956 2216 historiam
983 2144 1200 2235 accessisset,
1228 2144 1368 2217 maxime
1394 2144 1428 2217 in
1454 2146 1512 2236 iis,

466 2286 521 2381 qui
557 2304 718 2355 summum
749 2295 818 2353 turm
844 2281 877 2351 in
908 2281 1040 2351 ciuitate
1066 2278 1174 2352 locum
1200 2276 1409 2371 obtinebant,
1441 2281 1512 2355 lau·

350 2498 353 2505 ,
467 2417 580 2491 dandis
604 2430 703 2512 atquo
729 2413 931 2487 celebrandis
957 2416 1099 2487 uersari.
1152 2417 1189 2487 ln
1215 2438 1281 2511 quo
1304 2430 1431 2493 tantun
1456 2415 1514 2489 ab·

467 2556 551 2645 luit,
590 2567 627 2625 ut
649 2550 849 2623 adulatorem
874 2573 974 2646 agere
1002 2550 1062 2623 sibi
1089 2552 1280 2642 videretur,
1309 2565 1348 2625 ut
1372 2552 1515 2626 eundern

467 2714 611 2778 morem,
648 2710 744 2784 quern
778 2688 812 2759 in
845 2688 989 2783 priorum
1020 2686 1182 2761 bominum
1208 2690 1513 2762 commemoratione

467 2841 603 2900 occutus
624 2839 717 2919 crat,
746 2825 844 2896 etiam
869 2826 902 2897 in
926 2825 1109 2919 principatu
1130 2823 1341 2898 describendo
1367 2839 1514 2922 teneret,

467 2984 660 3060 quamquam
686 2959 859 3055 pcculiaris
885 2962 958 3032 eius
984 2963 1068 3034 ratio
1095 2961 1225 3054 eb'ecit,
1252 2974 1292 3034 ut
1314 2963 1360 3034 ita
1384 2963 1440 3034 vel
1466 2964 1515 3036 in·

466 3100 556 3170 ritus
578 3099 612 3168 in
637 3093 785 3167 adulandi
812 3096 1030 3190 suspicionem
1058 3096 1230 3169 incideret.
1267 3094 1334 3170 Sed
1360 3100 1416 3193 qui
1441 3100 1515 3194 ipse

467 3233 602 3306 liberam
627 3229 855 3326 rempublicam
880 3253 944 3302 non
967 3231 1120 3323 vidisset,
1148 3257 1186 3304 ac
1210 3256 1274 3305 non
1300 3234 1406 3306 solum
1432 3248 1515 3307 tem·

467 3392 546 3464 pore
571 3371 605 3440 in
622 3363 769 3462 Augusti
789 3365 979 3463 'liboriique
1005 3368 1216 3464 principatum
1245 3369 1428 3464 incidisset,
1455 3369 1516 3442 sed

467 3507 566 3578 ctiam
598 3502 713 3576 officiis
744 3503 868 3597 pariter
890 3514 989 3598 atque
1013 3501 1180 3576 beneficiis
1207 3504 1314 3578 domui
1339 3501 1516 3602 Augustae

467 3642 661 3712 coniunctus
687 3649 802 3730 esset,
828 3639 884 3735 qui
909 3651 1039 3734 poterat
1064 3642 1159 3714 abter
1184 3640 1224 3714 de
1252 3665 1291 3712 ea
1315 3643 1439 3714 sentire
1466 3657 1516 3715 at·

468 3801 533 3874 quc
565 3775 731 3868 iudicare,
775 3797 872 3870 quam
900 3781 1036 3870 omncs,
1074 3779 1128 3872 qui
1163 3776 1276 3849 codem
1309 3777 1382 3850 loco
1416 3791 1516 3876 atque

468 3913 659 3984 condicione
690 3925 828 4003 essent,
862 3913 1020 3983 iacientes
1048 3909 1155 3985 uidit?
1204 3912 1289 3986 Nam
1316 3915 1362 3986 ita
1387 3927 1442 3986 cst
1466 3915 1516 3986 in·

469 4047 600 4142 genium
621 4045 799 4136 bominum,
822 4060 874 4136 ut,
897 4047 926 4118 si
949 4068 1071 4142 paucos
1092 4050 1252 4144 excipias,
1275 4049 1392 4146 quibus
1413 4073 1516 4146 genc-

468 4185 613 4256 rosiorcs
644 4181 779 4276 spiritus
812 4193 930 4252 natura
955 4180 1069 4254 indidit
1093 4197 1127 4256 ct
1149 4184 1281 4258 lortuita
1306 4197 1517 4258 contemnere

469 4341 528 4390 eos
554 4318 679 4410 ducunt,
705 4316 853 4414 plerique
875 4341 989 4389 omnes
1008 4318 1206 4415 temporibus
1224 4323 1417 4414 insoniunt,
1444 4323 1542 4418 qui·.

468 4455 532 4526 ltus
562 4457 629 4528 uati
663 4453 856 4550 educatique
889 4465 988 4542 sunt,
1022 4469 1058 4526 ct
1089 4459 1238 4552 quamtis
1272 4445 1375 4530 libere
1406 4471 1442 4530 ct
1474 4481 1518 4530 cx

469 4613 551 4664 voro
589 4587 732 4662 iudicare
772 4588 834 4662 sibi
873 4589 1070 4682 uideantur,
1123 4607 1229 4664 tamen
1262 4593 1516 4688 consuetudine,
