3667 5425
548 754 568 809 .'
604 742 665 821 DE
687 741 897 854 nupturi
926 740 1100 809 OPEBE.
1248 741 1369 810 'XXXV

421 908 491 987 set
523 936 628 1006 panea
661 911 763 985 adhue
791 910 993 986 subiicienda
1017 911 1169 986 videntur
1195 912 1242 987 de'
1261 915 1369 1008 operis

319 1049 497 1140 divisione,
526 1049 567 1121 de
593 1048 721 1139 ordine,
749 1072 813 1146 quo
833 1063 951 1126 auctor
974 1072 1084 1122 rerum
1107 1060 1274 1145 gestarum
1296 1074 1368 1123 nar·

319 1187 481 1259 rationem
507 1179 680 1277 exhibuit,
705 1185 745 1259 de
772 1186 937 1277 sontibus,
964 1185 1048 1257 unde
1075 1209 1136 1258 sna
1161 1172 1292 1277 hausit,x
1315 1186 1368 1259 de·

320 1326 418 1420 nique
445 1322 486 1395 de
514 1316 724 1417 chronologia
732 1354 750 1414 ,·
775 1311 838 1418 qua
863 1317 1020 1417 peculiari
1042 1340 1124 1394 usus
1152 1334 1217 1396 est.
1294 1326 1321 1399 .’

346 1532 349 1537 ,
420 1453 477 1533 Ao
510 1455 549 1532 de
577 1467 655 1549 eo,¹
676 1457 762 1554 quod
789 1459 894 1552 primo
917 1457 990 1530 loeo
1016 1460 1205 1553 posuimus,
1239 1447 1299 1532 vix
1323 1458 1368 1532 di·

321 1594 460 1668 cendum
494 1609 606 1686 esset,
639 1594 704 1667 nisi
725 1593 859 1689 Lipsius
887 1590 1052 1690 vulgatam
1088 1590 1268 1684 rationem,
1306 1617 1372 1691 qua
1423 1591 1426 1595 ¹

322 1754 402 1827 opus
439 1731 474 1802 in
506 1729 587 1803 duos
621 1729 722 1802 libros
756 1729 935 1819 dividitur,
974 1731 1007 1801 in
1038 1728 1167 1803 dubium
1196 1742 1367 1804 vocasset.
1398 1727 1408 1739 ”

322 1865 387 1940 Sed
414 1889 514 1964 quam
536 1866 579 1938 iu.
596 1865 802 1939 praefatione
827 1865 894 1952 (ed,
924 1865 1054 1938 Ruhnis.
1082 1864 1161 1939 Vola
1187 1865 1243 1957 Η,
1260 1891 1295 1962 p.
1315 1865 1367 1941 X.

322 2002 403 2097 nr.)
429 2016 464 2075 et
482 2002 525 2075 ad
542 2002 574 2095 15
596 2005 634 2095 9,
654 2006 691 2075 1.
720 2001 814 2076 affert
840 2010 1009 2095 caussam,
1039 2024 1102 2074 non
1126 2004 1271 2098 potuisse
1298 2027 1369 2096 res,

301 2151 394 2212 .tunr
427 2154 606 2230 externas,
641 2151 712 2212 turn
736 2138 896 2212 Romanas
931 2157 1036 2235 usque
1062 2133 1112 2210 ad
1129 2163 1246 2212 annum
1272 2164 1307 2213 u.
1337 2166 1368 2213 o.

323 2256 550 2366 DLXXXII,
574 2295 656 2372 qliae
672 2247 803 2372 ingenti
823 2269 938 2348 lacuna
958 2277 1150 2371 perierunt,
1179 2276 1274 2349 unius
1295 2260 1371 2349 iibri

324 2411 445 2485 ambitu
470 2412 651 2507 contineri,
675 2409 735 2484 sed
762 2411 907 2508 pluribus
930 2410 1023 2484 libris
1046 2412 1227 2485 tractandas
1252 2412 1385 2508 fnisse„
1486 2429 1492 2446 ‘

325 2551 429 2622 inanis
456 2549 566 2644 opinio
593 2562 668 2640 est,
710 2567 791 2645 quae
822 2572 863 2620 ne
896 2547 995 2622 uliam
1029 2547 1158 2645 quidem
1188 2549 1371 2621 verisimili·

326 2655 444 2760 tudinis
468 2674 626 2781 'speciem
646 2683 765 2788 dohet.
819 2683 897 2760 Non
929 2682 1034 2757 minus
1062 2685 1190 2758 erravit*
1211 2686 1264 2758 vir
1285 2702 1371 2758 sum·

329 2846 397 2896 nous
421 2824 456 2896 in
481 2818 594 2895 verbis
620 2816 649 2913 I,
679 2818 742 2911 14,
771 2825 806 2894 1.
835 2819 1109 2914 interpretandis,
1143 2820 1197 2892 uhi
1216 2819 1373 2894 Velleius

329 2957 407 3031 haee
427 2959 526 3046 dieite
568 2956 684 3032 Statori
701 2960 859 3053 podorem
878 2956 981 3028 dolus
1003 2956 1182 3029 oolomrins
1202 2958 1374 3052 posterio-

328 3120 465 3193 remque
482 3105 622 3191 portem
647 3119 715 3167 non
748 3095 865 3166 zieotilo‘
880 3103 1004 3166 nerum
1033 3094 1157 3166 notitia
1183 3094 1218 3166 in
1242 3104 1374 3165 aaronem

329 3242 509 3306 eontracta
529 3231 758 3329 destrisgnere.
796 3224 1065 3304 Non'asseoutus
1084 3229 1170 3301 enini
1187 3229 1272 3325 quid·
1284 3242 1375 3301 esset

327 3370 414 3462 prior
447 3369 677 3468 posteriorque
709 3364 808 3438 huius
828 3365 1010 3438 ‚voluminis
1044 3389 1145 3459 pars,
1189 3365 1374 3458 suspicatus

331 3518 397 3595 est,
436 3506 494 3600 qui
520 3503 623 3576 nobis
639 3505 684 3575 sit
708 3502 791 3574 liber
807 3503 964 3598 primus,
999 3525 1073 3574 eum
1100 3503 1133 3573 in
1161 3500 1240 3581 dnas
1263 3514 1374 3595 partes

330 3640 398 3712 sive
430 3641 545 3725 libros„
562 3641 666 3712 fuisse
698 3638 848 3712 divisum.
903 3635 971 3711 Sed
992 3638 1064 3710 luoe
1096 3637 1215 3709 elarius
1243 3650 1295 3710 est
1321 3662 1376 3720 oo·

331 3776 466 3851 amonent-
493 3774 652 3848 vooabuio
674 3775 735 3846 hoo
761 3748 832 3846 loeo
859 3774 1035 3869 significari
1061 3775 1252 3845 universum
1277 3785 1375 3865 om,
1406 3743 1481 3842 3¹³
1555 3844 1557 3847 ,

332 3926 365 3983 ut
377 3912 422 4005 11,
443 3914 534 4004 131,
556 3916 591 3986 t.
638 3910 728 3985 Volo
743 3910 936 4004 finiendam
963 3910 1161 3982 volumen
1189 3918 1252 3980 est.
1299 3907 1376 3981 Par·

334 4062 379 4120 tes
406 4050 510 4145 igitur
541 4048 712 4121 voluminis
739 4071 837 4143 quum
865 4046 941 4120 libri
961 4017 1055 4137 sint,
1090 4048 1229 4142 inques
1264 4062 1379 4120 auctor

335 4207 408 4277 opus
435 4184 571 4275 divisit,
600 4208 800 4281 quorumque
827 4185 967 4258 aiterum
993 4183 1214 4272 coloniarum,
1241 4183 1379 4253 alterum

334 4322 569 4412 provinciarum
605 4323 721 4394 notitia
754 4318 926 4418 distinxit,
968 4322 1040 4415 ipsa
1073 4319 1144 4390 eius
1176 4317 1379 4410 professione
1451 4352 1456 4361 ·

333 4472 458 4531 eonstat
483 4482 548 4531 non
575 4459 661 4532 ultra
683 4424 824 4531 duorum
850 4458 1008 4530 librorum
1033 4474 1203 4527 nunrernnr
1226 4476 1379 4557 progres-

334 4616 402 4666 sum
429 4618 518 4669 esse.
1148 4669 1151 4676 .

1110 4730 1133 4797 3
1146 4728 1166 4777 ¹i¹
