3667 5425
555 1540 1145 1628 nnonmeornenn.

670 1914 680 1925 ’
771 1937 867 2011 cae.
893 1936 926 2010 1.

674 2123 737 2179 De
764 2076 907 2181 velleii
931 2122 1025 2180 vita.

429 2373 594 2481 Praeter
626 2404 826 2492 Priscianum
858 2407 928 2503 VI,
964 2411 1024 2484 11.
1057 2435 1091 2507 p.
1127 2409 1217 2485 259.
1246 2407 1306 2484 Iir.
1339 2400 1374 2487 et

322 2538 922 2636 Scholiasumluoanilx,'17‚8.
958 2571 994 2641 p.
1022 2547 1110 2620 695.
1138 2546 1244 2621 Web.
1277 2520 1392 2621 nemo*
1461 2614 1464 2620 .

322 2697 482 2757 ueterum
512 2682 705 2777 scriptorum
737 2678 860 2780 Velleii
900 2682 1094 2755 mentionem
1129 2683 1217 2755 lacit.
1288 2670 1375 2759 Nam

323 2819 415 2917 quod
448 2818 616 2907 nonnulli,
659 2818 692 2888 in
727 2816 844 2913 quibus
866 2805 980 2889 ‘etiarn
1012 2815 1227 2894 Ruhnkenius
1261 2815 1373 2892 Praei.

321 2981 359 3052 p.
400 2952 534 3027 XVIII.
573 2951 626 3023 ed.
664 2950 751 3042 Fu,
806 2952 977 3047 opinantur
1015 2951 1164 3025 Publium
1191 2945 1387 3047 Velleium,

322 3114 428 3189 quem
454 3087 590 3159 Tacitus
618 3085 748 3159 Annali.
776 3085 842 3177 III,
869 3089 932 3160 39.
972 3083 1084 3160 scribit
1120 3089 1152 3159 in
1184 3085 1390 3163 Macedoniu-

322 3226 515 3299 exercitum
541 3222 773 3316 praesedisse,
797 3221 939 3295 eundem
966 3236 1063 3313 esse,
1098 3237 1194 3319 atque
1221 3224 1376 3298 historiae

322 3365 552 3456 scriptorem,
595 3358 627 3430 id
659 3383 726 3458 non
757 3359 861 3431 solum
894 3360 992 3430 nullis
1026 3333 1249 3453 argumentis,
1295 3345 1377 3455 quae

322 3500 473 3596 aliquam
496 3495 568 3565 veri
595 3494 733 3588 speciem
759 3494 920 3585 babeant,
950 3506 1175 3589 sustentatur,
1204 3490 1262 3566 sod
1286 3511 1378 3589 pror·

323 3660 383 3709 sus
419 3629 613 3703 incredibile
641 3644 714 3720 est,
750 3632 779 3701 si
805 3630 1035 3724 reputaveris,
1064 3642 1183 3724 quanta
1209 3647 1282 3702 eum
1309 3630 1378 3704 dili·
1427 3663 1433 3670 ·

300 3770 445 3868 egentia
470 3764 511 3836 de
539 3760 711 3837 bonoribus
738 3790 757 3835 a
784 3751 953 3858 se'gestis
982 3763 1089 3851 dieat,
1123 3776 1158 3832 et
1180 3780 1379 3860 quantopere

293 3903 390 3980 -ribi
421 3903 555 3999 placeat
588 3902 620 3972 in
656 3901 794 3995 siugulis
825 3896 1016 3987 narrandIs,
1051 3910 1119 3967 tum
1148 3912 1186 3969 ut
1211 3921 1247 3971 se
1274 3892 1380 3996 ipsum

327 4045 474 4127 ederat,
504 4050 572 4107 tum
594 4050 631 4107 ut
657 4050 785 4130 gratum
812 4037 952 4107 animum
973 4033 1105 4105 Tiberio
1131 4034 1258 4129 probet.
1315 4033 1382 4108 Sed

300 4177 307 4196 '
327 4174 550 4252 Macedoniae
574 4171 773 4265 praelectum
795 4196 830 4243 se
855 4169 955 4243 fuisse
974 4190 1072 4266 quum
1088 4187 1246 4265 nusquam
1263 4191 1381 4239 memo·

299 4303 302 4308 ¹
331 4330 394 4405 ret,
418 4311 521 4408 plane
542 4306 697 4378 absonum
718 4321 783 4397 est,
807 4304 861 4402 qui
880 4307 1004 4377 minora
1024 4324 1084 4375 sua
1102 4304 1226 4377 reierre
1248 4323 1311 4374 non
1328 4327 1385 4374 ne«

334 4447 498 4546 glexerit,
522 4442 561 4513 de
580 4442 785 4537 gravioribus
800 4466 841 4513 ne
860 4441 996 4513 'verbum
1015 4437 1143 4535 quidem
1158 4430 1279 4509 dicere.
1312 4437 1384 4531 Quo

338 4561 480 4658 concidit
499 4580 595 4652 etiam
608 4578 793 4672 Ruhnkenii
812 4577 932 4673 opinio,
953 4576 1008 4672 qui
1026 4574 1050 4649 1.
1064 4575 1088 4647 t.
1106 4573 1244 4648 fidenter
1258 4574 1386 4671 quidem

1154 4710 1172 4819 ¹
1286 4833 1292 4844 .
