3667 5425
591 380 697 411 ,.

611 404 817 494 fta*

677 712 1160 803 nnunaunrrornan.
1274 670 1276 674 ¹
1316 714 1443 781 xxxrx

394 886 504 963 randis
529 887 750 967 nonvirlctur
772 911 909 984 graccm
934 890 1112 983 scriptores
1138 887 1280 981 adiissc3
1307 887 1364 960 scd
1387 889 1441 985 qui
1467 988 1469 993 Ι

393 1026 534 1101 existis
569 1046 630 1097 sua
665 1020 873 1120 hausissent,
911 1022 1059 1122 Trogum
1084 998 1272 1117 Pompeium
1298 1036 1331 1094 et
1359 1023 1439 1095 Cor·

394 1129 515 1235 nclium
533 1150 698 1255 Nepotem
721 1175 871 1235 auctores
894 1159 1047 1267 habuisse
1069 1159 1232 1259 putandus
1259 1172 1333 1252 cst,
1363 1181 1440 1254 quo·

395 1321 464 1369 rum
497 1296 552 1371 ille
586 1298 619 1371 in
646 1290 796 1369 Historiis
825 1295 1034 1393 Philippicis,
1064 1295 1115 1395 hic
1148 1290 1181 1373 in
1206 1294 1440 1397 Chrouleorum

395 1454 492 1527 opere
517 1430 693 1528 diligenter
718 1444 855 1509 externa
876 1446 928 1505 ast
948 1444 1163 1527 persecutum
1190 1431 1234 1504 ci.
1252 1428 1439 1509 Bernhardii
1552 1410 1574 1523 ¹,

393 1567 528 1663 Hister„
545 1569 611 1640 litt.
646 1590 729 1640 rom.
757 1590 792 1666 p.
816 1568 905 1644 268.
933 1566 966 1667 g.
992 1558 1056 1640 48.
1083 1581 1117 1683 et
1138 1593 1175 1670 p.-
1198 1568 1288 1639 263.
1319 1567 1351 1660 ᾗ.
1372 1567 1435 1638 40.

391 1704 426 1776 In
461 1702 564 1776 rebus
600 1700 717 1776 italicis
757 1722 839 1777 vero
884 1696 919 1774 et
960 1695 1101 1779 romanis
1143 1714 1274 1798 practer
1307 1699 1439 1774 eosdem
1531 1734 1542 1746 ·
1572 1762 1574 1767 ⁴

393 1841 471 1913 duos
500 1840 583 1915 alios
610 1839 748 1916 maxime
771 1836 958 1933 inspexisse
985 1862 1023 1910 ac
1046 1838 1145 1911 duccs
1172 1838 1233 1910 sibi
1252 1828 1440 1938 ¹sumpsisse¹
1471 1825 1474 1839 ’

396 1989 647 2051 consentaneum
673 1989 746 2067 est,
772 1974 908 2048 alterum
935 1968 1113 2065 Catonem,
1139 1967 1351 2070 Pomponium
1375 1970 1437 2046 At·

336 2100 340 2107 ⁵
397 2106 493 2185 ticum
516 2104 670 2187 alterum.
715 2108 765 2192 Ac
789 2111 828 2189 tle
854 2113 962 2216 priore
988 2098 1064 2191 non
1079 2108 1227 2190 dubitare
1249 2113 1360 2189 sinunt
1382 2134 1436 2201 ca,
1462 2204 1477 2221 ,

392 2272 473 2350 quac
501 2240 705 2321 incolomis
732 2237 931 2342 disputavit,
962 2236 1079 2344 quippe
1101 2271 1183 2344 quac
1205 2236 1269 2320 non
1293 2233 1459 2337 aliunde,¹
1486 2228 1489 2238 ¹
1537 2254 1543 2263 ‘

392 2409 487 2482 quam
514 2409 560 2458 ex
588 2378 722 2460 Catonis¹
750 2374 1130 2480 Originibus'desumpta
1156 2396 1231 2456 esse
1257 2383 1438 2459 luculenter

393 2521 551 2617 probetur
574 2523 641 2615 iis,
675 2508 756 2617 quae
782 2519 820 2610 1,
848 2497 889 2616 7,Ι
911 2500 966 2591 ’3.
981 2519 1021 2591 de
1048 2510 1276 2617 chronologico
1302 2518 1438 2622 quodam

394 2682 504 2732 errore
531 2659 604 2730 eius
629 2646 797 2753 leguntur.
852 2652 955 2733 Attici
983 2669 1062 2736 vcro
1091 2658 1221 2756 scriptis
1245 2680 1340 2735 usum
1364 2662 1438 2727 csse

399 2796 563 2874 admodum
589 2791 756 2895 probabile
781 2793 839 2883 fit,
867 2793 982 2872 hortum
1009 2792 1116 2867 indole
1143 2782 1217 2864 cum
1234 2759 1359 2865 Vellcii
1383 2767 1438 2887 pc·

398 2933 506 3009 culiari
543 2954 633 3008 mure
669 2942 866 3024 conparata.
923 2925 1008 3026 Quiri
1041 2928 1096 2999 ille
1123 2928 1206 3000 enim
1239 2929 1279 2999 iis
1312 2897 1438 3024 spocta-

395 3070 481 3141 vcrit
502 3091 569 3176 upa
585 3067 700 3148 ¹solum
724 3054 816 3165 patet
838 3090 882 3140 cx
909 3062 1079 3137 Ciceronis
1102 3063 1203 3144 Bruto
1221 3074 1261 3141 c.
1278 3035 1337 3155 lli,
1358 3065 1437 3153 ll„

345 3305 350 3310 .
394 3204 446 3280 ubi
473 3191 594 3275 Annali
629 3225 690 3284 suo
722 3225 848 3279 omncm
881 3224 991 3278 rerum
1017 3200 1203 3274 memoriam
1231 3189 1379 3279 breuiter
1405 3211 1439 3277 ct

395 3339 628 3435 perdiligenter
656 3338 846 3437 complexus
873 3361 949 3433 cs'sc
977 3336 1113 3425 dicitur,
1143 3336 1202 3408 secl
1228 3338 1365 3412 maxime
1395 3359 1438 3406 ex

394 3475 547 3571 Nepote,
583 3475 736 3552 cuius.in
762 3474 830 3545 vita
855 3470 958 3545 Attici
989 3499 1020 3545 c.
1046 3471 1184 3563 XVIII,
1211 3476 1229 3543 l
1254 3494 1328 3568 sqq.
1357 3467 1437 3541 haec
1501 3463 1511 3472 ’

397 3626 472 3684 sunt
517 3610 638 3683 rerba:
699 3595 957 3705 »Antiquitatem
995 3608 1075 3681 adeo
1095 3596 1097 3600 ’
1116 3595 1290 3708 diligenter
1328 3605 1439 3678 habuit

398 3733 581 3843 cognitam,¹
614 3760 652 3818 ut
684 3769 754 3818 eam
789 3758 886 3817 totam
903 3747 951 3816 -in
977 3768 1016 3815 co
1042 3743 1206 3821 volumine
1227 3742 1436 3843 exposuerit,

397 3907 458 3979 quo
481 3884 691 3977 magistratus
720 3882 858 3954 ornavit.
899 3878 1000 3956 Nulla
1020 3880 1104 3954 cuim
1130 3880 1200 3969 lex,
1227 3899 1332 3976 neque
1358 3900 1437 3977 pax,

396 4042 500 4118 neque
527 4016 667 4109 bellum,
702 4040 809 4113 neque
835 4018 889 4093 rc's
916 4018 1051 4094 illustris
1075 4030 1127 4091 est
1152 4016 1261 4113 populi
1288 4013 1438 4103 Romani,

397 4178 478 4251 quac
513 4141 577 4226 non
612 4156 646 4229 in
678 4137 717 4226 eo
753 4177 813 4225 suo
848 4167 995 4249 tempore
1029 4125 1073 4229 sit
1106 4167 1229 4229 notata.
1269 4150 1329 4236 ,Et
1355 4148 1440 4245 quoti

398 4289 615 4364 difficillimum
650 4291 731 4385 tuit,
768 4291 815 4361 sic
849 4291 1039 4366 familiarum
1073 4292 1230 4386 originem
1256 4285 1438 4375 subtexuit,

398 4441 433 4499 ut
466 4452 511 4499 cx
545 4452 584 4499 eo
620 4428 780 4503 clarorum
805 4428 949 4503 virorum
974 4426 1171 4523 propagines
1198 4424 1360 4517 possimus
1387 4415 1441 4493 coss

398 4585 570 4659 gnoscere.
625 4562 719 4637 Fecit
753 4545 932 4656 ltoc'itlem
966 4532 1139 4658 separatim
1174 4561 1207 4632 iu
1235 4561 1306 4632 aliis
1332 4556 1439 4649 libris,
