3667 5425
391 756 504 823 xxxtl
620 752 1010 819 uuotueontnut.
1052 752 1138 821 CAP.
1161 754 1199 817 ll.

391 940 487 1021 rant,
525 922 721 997 luculentius
763 924 887 997 nullum
923 925 1082 1018 oliertur,
1125 947 1220 1021 quam
1255 925 1437 997 amicorum

335 1032 344 1051 η
391 1061 621 1157 Napoleontis,
648 1083 730 1156 quos
754 1060 808 1131 ille
832 1074 898 1134 tum
923 1060 1094 1157 splendore
1119 1062 1169 1133 sui
1186 1061 1338 1150 nominis,
1366 1074 1437 1133 tum
1463 1032 1467 1038 Ι

283 1182 288 1193 “
390 1198 567 1301 honoribus
593 1208 691 1291 aque
716 1196 867 1289 praemiis
893 1196 939 1269 ita
965 1196 1025 1267 silti
1056 1195 1224 1288 devinxit,
1259 1209 1298 1268 ut
1322 1218 1436 1269 omnes

392 1337 425 1408 in
446 1356 498 1421 ,eo
532 1328 723 1402 celebrando
757 1332 1002 1426 conspirarent,
1045 1330 1190 1428 adeoque
1225 1331 1436 1404 mulierculae

391 1492 466 1541 eum
491 1480 640 1562 tanquam
663 1466 795 1538 virtutis
819 1479 854 1537 et
873 1466 1079 1541 humanitatis
1101 1469 1285 1565 exemplum
1311 1490 1437 1539 summa

391 1607 513 1703 pietate
537 1600 777 1696 praedicarent,
805 1626 996 1699 quamquam
1020 1605 1192 1677 universae
1209 1617 1342 1699 gentes,
1369 1604 1437 1707 vim

341 1750 353 1761 '
393 1756 427 1815 et
458 1738 567 1811 dolum
596 1738 666 1809 eius
697 1751 878 1833 expertae,
920 1753 1093 1836 tyrannum
1126 1763 1201 1812 cum
1235 1752 1269 1811 et
1302 1740 1436 1835 generis

392 1876 521 1950 humaui
555 1885 809 1967 contemptorem
842 1875 1060 1949 trucissimum
1093 1889 1126 1949 et
1157 1874 1362 1975 habuerunt,
1403 1884 1439 1947 et

392 2012 513 2085 liabent
534 1985 721 2081 etiamnum.

381 2178 384 2185 ·
492 2144 548 2220 Ex
574 2168 638 2242 quo
661 2168 758 2241 quum
781 2158 905 2240 pateat,
933 2169 1028 2242 quam
1053 2146 1145 2219 facile
1172 2145 1336 2243 homines,
1361 2147 1438 2222 dum

392 2308 429 2357 sc
455 2286 545 2379 ipsos
571 2279 664 2353 modo
691 2280 891 2375 respiciunt,
926 2295 1110 2355 ceterorum
1135 2283 1255 2356 nullam
1277 2285 1437 2359 mliorem

392 2419 533 2511 habent,
578 2439 618 2489 eo
658 2415 880 2509 adducantur,
923 2431 960 2490 ut
989 2420 1084 2490 etiam
1119 2442 1238 2491 saevos
1271 2421 1436 2516 principes

393 2555 547 2650 egregios
580 2565 715 2647 putent,
757 2550 906 2655 Velleius
949 2576 1077 2651 quoque
1109 2569 1244 2629 naturae
1277 2554 1437 2629 humanae

388 2691 472 2794 ¹uitio
498 2690 531 2762 in
557 2686 642 2762 hune
656 2687 777 2792 iudicii
803 2690 875 2762 sive
899 2713 1044 2764 errorem
1070 2690 1141 2764 siue
1167 2692 1335 2767 levitatem
1357 2694 1436 2766 inci·

393 2826 460 2919 dit;
495 2839 688 2922 quamquam
712 2825 775 2898 alia
798 2827 895 2898 ctiam
922 2828 1088 2900 excusatio
1117 2828 1146 2900 ei
1172 2850 1237 2900 non
1260 2827 1376 2925 deest,
1404 2832 1437 2922 in

392 2965 495 3058 ipsius
510 2961 634 3035 Tiberii
654 2985 794 3056 persona
815 2963 935 3056 posita.
958 2961 1079 3036 Multa
1100 2964 1185 3036 enim
1207 2964 1239 3036 in
1266 2987 1305 3036 co
1328 2978 1453 3061 erant,

393 3120 513 3193 quac,
533 3097 562 3168 si
588 3096 673 3168 mala
702 3119 767 3168 non
791 3097 1032 3192 accessissent,
1066 3122 1188 3193 perse
1214 3100 1286 3172 iure
1312 3100 1437 3173 laudari

392 3244 555 3330 poterant.
607 3228 694 3306 Nam
719 3224 876 3303 acerrimo
902 3255 976 3305 eum
1003 3233 1104 3306 iniisse
1130 3235 1276 3332 ingenio,
1308 3248 1343 3308 et
1368 3249 1439 3310 tum

392 3369 433 3442 ad
458 3391 513 3440 res
536 3366 746 3461 hominesque
769 3367 1011 3462 perspiciendos
1032 3371 1274 3465 acutissimum,
1302 3383 1371 3444 tum
1397 3371 1439 3444 ad

324 3565 326 3572 .
392 3471 554 3600 agendum
585 3503 879 3598 promptissimum,
912 3527 955 3576 ne
987 3504 1094 3578 abiis
1122 3505 1251 3603 quidem
1280 3519 1437 3603 negatur,

393 3641 447 3737 qui
474 3638 683 3712 severissime
714 3661 788 3710 eum
814 3637 969 3712 iudicant.
1025 3639 1127 3732 Quam
1155 3641 1310 3737 egregius
1338 3642 1440 3716 luerit

391 3778 567 3872 imperator
584 3774 725 3872 bellique
744 3775 877 3871 gerendi
900 3777 1132 3872 peritissimus,
1156 3776 1241 3850 bella
1259 3789 1438 3874 testantur,

394 3937 477 4008 quae
509 3914 543 3984 in
569 3908 764 4004 Germania,
796 3911 960 3984 Pannonia
986 3925 1021 3984 et
1045 3911 1205 3984 Delmatia
1231 3913 1337 4008 gessit
1362 3905 1439 4008 gra·

393 4047 540 4120 vissima.
602 4043 777 4117 Praeterea
817 4047 959 4119 civitatis
992 4046 1206 4123 moderandae
1243 4049 1304 4120 init
1338 4048 1440 4147 longe

369 4153 627 4278 'gnarissimus,
656 4181 782 4277 quippe¹
796 4180 851 4276 qui
875 4182 1042 4254 securitati
1064 4181 1211 4277 publicae
1236 4183 1439 4282 consuleret,

394 4319 538 4392 ordinem
552 4317 758 4412 negotiorum
771 4316 990 4412 gerendorum
1004 4331 1218 4414 sustentaret,
1243 4321 1440 4418 omninoque

393 4477 542 4546 magnam
566 4476 677 4530 euram
698 4452 799 4526 rebus
824 4453 957 4528 urbemn
984 4455 1193 4552 externisque
1220 4455 1437 4550 impenderet.

394 4588 505 4664 Luuui
531 4613 598 4666 non
618 4588 713 4664 modo
736 4590 875 4698 pultliee¹
891 4589 1040 4686 obstitit,
1066 4590 1126 4664 sed
1151 4592 1247 4700 etiam
1277 4583 1440 4686 privarem
