3667 5425
733 733 984 804 PRAEFATIO.
1293 761 1375 813 m

328 903 429 982 leius
463 903 520 980 ita
545 903 710 999 dixerit,
745 911 813 981 aut
836 905 1011 982 deluerit
1035 905 1174 983 dio'ere.
1218 910 1375 993 inlice

327 1049 543 1124 dendtorio
576 1072 719 1149 genere
753 1050 788 1124 ri
820 1075 917 1124 unus
952 1052 1128 1150 alterque
1162 1053 1205 1126 in
1237 1076 1375 1136 verum

329 1195 488 1289 incidit,
523 1194 630 1269 haud
662 1218 752 1268 raro
785 1217 874 1269 casu
897 1195 1048 1292 potius,
1085 1220 1203 1293 quam
1225 1201 1375 1279 ratione

329 1338 474 1414 factum
499 1346 576 1430 est3
601 1322 827 1439 plerumque
852 1345 980 1414 autem
1003 1364 1160 1439 prorsus
1184 1367 1207 1418 a
1229 1369 1375 1444 propo·

328 1483 403 1558 sito
436 1483 634 1557 aberrasse
660 1483 726 1580 qui
750 1483 847 1558 falae
871 1483 936 1558 vie
958 1483 1201 1582 incederent,
1234 1496 1275 1562 ct
1295 1515 1374 1566 non

327 1635 409 1702 tem
439 1628 559 1701 finem
593 1634 743 1700 certum
766 1635 960 1726 peterent,
993 1652 1108 1725 quam
1137 1652 1190 1702 ex
1216 1632 1375 1709 libidine

329 1779 572 1871 vagarentur,
596 1770 758 1844 minime
775 1771 919 1845 mirum
937 1769 1064 1845 videri
1077 1772 1203 1848 dehet.
1234 1776 1288 1850 Ut
1301 1776 1374 1877 igi·

329 1921 392 1988 tur
407 1938 460 1989 ex
474 1914 549 1990 hac
565 1914 790 2015 opinionum
809 1922 851 1989 et
865 1914 1162 1993 hariolationum
1177 1920 1291 1997 turba
1305 1928 1372 1998 m'a

330 2059 574 2159 expedirem,
610 2060 685 2133 hoc
706 2058 803 2132 milri
824 2059 1045 2134 faciendum
1066 2060 1180 2156 duxi,
1215 2073 1264 2138 ut
1284 2065 1373 2140 uni·

331 2227 443 2279 versa
460 2204 590 2279 indole
603 2203 787 2277 Velleiani
802 2204 932 2302 operis
954 2203 1155 2305 diligenter
1174 2208 1373 2306 explorata

329 2348 368 2422 in
386 2348 554 2423 auctoris
576 2346 725 2420 dicendi
750 2372 867 2449 genus
889 2348 1102 2423 accuratius
1122 2349 1372 2453 inquirerem,

326 2501 366 2569 et
387 2493 483 2590 qnid
503 2492 544 2566 in
568 2492 634 2567 illo
659 2490 818 2565 minime
840 2492 1120 2569 sollicitandrun
1144 2505 1245 2571 esset
1269 2505 1373 2576 terrm

326 2637 637 2740 purissimorum
650 2637 915 2736 exemplorum
928 2637 1040 2737 copia
1054 2638 1371 2740 demontraremq·

326 2793 370 2858 ut
396 2783 624 2858 dubitationi
646 2783 771 2856 nullus
796 2783 903 2856 locus
932 2782 1225 2879 relinqueretur.
1276 2786 1375 2864 flul·

326 2926 546 3027 quaestioni
586 2926 823 3027 adiungenda
867 2923 940 2998 fuit
981 2927 1104 3000 altera
1147 2925 1196 3000 de
1233 2927 1375 3004 codici:

324 3043 602 3165 uniuersis,
628 3067 804 3145 eudonis
822 3067 1005 3168 principis
1022 3077 1061 3154 at
1074 3069 1375 3187 rauranum

326 3215 540 3318 apographi
572 3220 706 3288 uatum
735 3221 774 3286 et
806 3212 1047 3307 condicione,
1085 3222 1126 3292 et
1151 3215 1202 3289 de
1233 3215 1376 3292 horum

326 3361 564 3438 auxiliorum
595 3384 666 3432 usu
700 3349 852 3450 critico,
888 3357 955 3454 qui
988 3356 1103 3431 nimis
1127 3358 1292 3433 incertus
1317 3368 1376 3434 est

326 3514 365 3581 et
387 3505 535 3597 fluxus,
565 3503 639 3575 nisi
665 3501 967 3600 corruptelarum
993 3501 1140 3603 origine
1166 3526 1217 3577 ex
1241 3504 1375 3577 analo·
1515 3553 1518 3558 -

325 3651 391 3754 gia
417 3648 635 3724 constituta.
674 3646 772 3721 Nam
795 3653 837 3719 ut
860 3644 1032 3719 medicus
1049 3654 1205 3747 aegroto
1226 3647 1375 3721 mederi

325 3793 482 3892 nequit,
517 3789 645 3864 morbi
676 3812 818 3891 genere
851 3812 930 3862 non
955 3796 1175 3887 perspecto,
1209 3789 1263 3863 ita
1287 3788 1374 3861 fru-

326 3947 407 4011 stra
430 3941 609 4031 corrupta
629 3931 823 4032 scriptoris
846 3929 991 4028 antiqui
1012 3931 1131 4007 verba
1150 3956 1287 4008 sanare
1306 3958 1373 4009 co·
1432 3921 1437 3929 ’

326 4080 502 4172 rabitur,
530 4076 594 4174 qui
615 4076 699 4151 vitii
723 4100 849 4174 neque
875 4077 1008 4151 sedem
1031 4100 1159 4175 neque
1184 4078 1373 4179 originem
1518 4074 1521 4082 ’

326 4223 493 4300 noverit.
554 4223 614 4296 De
646 4221 706 4294 his
739 4220 852 4321 igitur
859 4273 872 4315 ,
905 4229 946 4294 et
977 4221 1025 4294 de
1060 4220 1249 4294 nonnullis
1275 4219 1371 4313 aliis,

329 4392 499 4467 quorum
526 4366 739 4440 accuratior
762 4365 922 4467 cognitio
954 4364 1158 4438 lectoribus
1183 4362 1285 4436 utilis
1308 4362 1373 4437 fu·

328 4521 417 4589 tura
447 4535 533 4586 esse
564 4510 777 4606 videretur,
810 4508 851 4582 in
874 4506 1160 4609 Prolegomcnis
1185 4506 1373 4606 prolixius

1144 4644 1165 4694 r
