3667 5425
1350 722 1994 795 ·=.nn-.v1‹:1,1.ss11
2044 722 2386 790 ossan.
2460 693 2470 698 ’
2787 727 2948 796 xm

787 924 791 931 ·
872 890 1076 991 potest
1092 919 1138 986 ‚²
1212 888 1623 993 quamquam,
1662 861 1919 967 difficile
1989 909 2094 968 est
2153 897 2437 991 reperire
2458 889 2489 988 ,’
2568 897 2739 993 quod
2807 894 2946 973 rem

865 1033 1041 1126 plane
1094 1031 1415 1126 explicet.
1489 1029 1801 1103 Fortasse
1856 1030 2031 1103 dicas
2068 1031 2391 1108 Velleium
2436 1056 2671 1106 annum
2702 1033 2945 1108 Romae

863 1166 1152 1241 conditae
1211 1164 1319 1239 Ol.
1375 1165 1503 1261 vl,
1528 1167 1647 1238 ·-3.-
1693 1168 2098 1256 institutione
2162 1170 2396 1265 puerili
2457 1170 2588 1266 ⁴ipsi
2640 1171 2945 1244 traditum

860 1330 926 1374 ac
979 1292 1264 1374 firmiter
1313 1306 1635 1380 ,memoria
1683 1315 2057 1405 retentum2
2091 1317 2429 1401 „tanquam
2483 1307 2641 1381 nulli
2697 1305 2942 1384 dubita-

862 1442 1010 1510 [inni
1040 1438 1423 1545 :obnoxium
1475 1440 1775 1534 posuisse
1799 1492 1821 1531 ‚
1897 1441 1963 1512 in
2015 1441 2414 1536 singularum
2464 1457 2678 1517 autem
2723 1467 2943 1517 rerum

854 1597 1034 1658 unm-5
1074 1574 1583 1675 *consummana
1635 1588 1709 1650 ut
1753 1600 1988 1672 operae
2026 1578 2469 1674 compendium
2504 1579 2780 1688 faceret,
2829 1579 2942 1654 du·

850 1737 994 1788 cem
1021 1722 1347 1800 secutum
1399 1738 1591 1807 esseff
1649 1713 1759 1808 qui
1809 1711 1891 1784 ad
1927 1710 2195 1784 Catonis
2248 1738 2463 1795 aeram
2509 1714 2678 1788 facta
2728 1714 2941 1812 diges-

784 1857 785 1905 ῑ
846 1851 1093 1925 εἱεεθι.«
1129 1847 1519 1947 ·‚·Uteunque
1575 1861 1705 1940 est,
1758 1872 1996 1921 caussa
2046 1850 2111 1921 in
2164 1849 2569 1935 festinatione
2619 1850 2943 1926 scribendi

784 2028 785 2031 η
846 1987 1099 2079 posim:
1126 1987 1295 2077 fuit,
1371 2007 1535 2079 quae
1603 1985 1663 2055 ei
1710 1976 1869 2056 non'
1890 1986 2196 2081 permisit
2236 1981 2604 2061 accuratius
2654 1983 2941 2062 studium

784 2157 785 2222 3
850 2123 964 2191 iis
993 2119 1319 2225 Γσιιιὼιιε,
1375 2119 1603 2215 quibus
1653 2143 1964 2193 annorum
2009 2123 2177 2194 ratio
2215 2101 2738 2219 exploraretur,
2769 2148 2937 2198 com·

834 2248 1583 2369 poefflmondere.
1663 2254 1864 2330 Nullo
1908 2257 2097 2329 modo
2138 2272 2355 2332 autem
2388 2257 2747 2333 Laurentio
2788 2285 2939 2357 pos·
2983 2276 3011 2284 “

840 2392 1466 2483 autumnum,
1522 2395 1629 2489 qui
1673 2393 1753 2503 ἰιι
1784 2388 2006 2467 Fastis
2045 2418 2225 2466 coss.
2272 2396 2504 2491 capitt.
2538 2420 2609 2493 p.
2654 2397 2746 2470 81
2783 2421 2932 2496 sqq.

835 2529 1179 2604 Velleinm
1228 2536 1458 2600 censet
1510 2529 1772 2623 passim
1802 2524 1922 2601 ab
1937 2554 2090 2603 aera
2131 2525 2492 2605 Catoniana
2549 2534 2643 2605 ita
2692 2531 2936 2607 disces·

838 2643 1015 2740 sisse
1039 2719 1064 2755 ‚
1127 2677 1247 2756 ut,
1315 2658 1476 2737 licet
1525 2687 1565 2737 a
1617 2666 1855 2739 ceteris
1918 2665 2290 2754 auctoribus
2344 2667 2639 2750 omnihus
2694 2668 2936 2751 discre-

842 2816 1010 2898 pet,
1078 2814 1287 2874 tamen
1323 2800 1465 2873 -sibi
1519 2802 1646 2897 ipsi
1711 2805 2078 2875 consentiat
2129 2816 2197 2875 et
2238 2800 2568 2908 peculiare
2620 2799 2942 2901 quoddam.

839 2950 1138 3036 systema
1190 2936 1721 3033 chronologicum
1772 2950 2112 3035 sequatur.
2238 2936 2422 3032 Quae
2476 2940 2690 3035 opinio
2745 2964 2938 3038 quam

836 3076 1005 3147 falsa
1057 3076 1173 3170 sit,
1227 3057 1358 3146 non
1410 3097 1573 3169 opus
1621 3089 1727 3147 est
1767 3076 1992 3148 multis
2017 3063 2506 3166 demonstrare.
2601 3075 2935 3174 Deceptus

816 3212 1014 3283 'enim
1065 3224 1169 3283 est
1217 3199 1614 3289 Laurentius
1660 3211 1983 3306 corruptis
2037 3213 2375 3307 numeris3
2453 3213 2563 3311 qui
2616 3214 2934 3312 quomodo

832 3347 919 3419 ad
996 3342 1257 3420 iustam
1301 3346 1616 3420 rationem
1678 3346 2024 3420 revocandi
2096 3348 2279 3440 sint}
2359 3335 2530 3422 suis‘
2569 3348 2932 3469 quibusque

832 3483 997 3556 locis
1068 3453 1469 3586 ostendimus
1492 3535 1516 3574 ,
1601 3505 1766 3579 quos
1836 3484 2117 3555 lectores
2182 3484 2249 3557 in
2315 3482 2532 3558 Indice
2600 3486 2668 3557 in
2734 3509 2931 3578 unum

834 3618 1151 3731 collectos
1202 3620 1557 3714 reperient.
1663 3618 1800 3692 Hoc
1855 3642 2051 3693 unum
2102 3618 2339 3694 addere
2392 3621 2619 3713 iuvat,
2673 3614 2931 3696 omnino
3017 3632 3021 3636 ’

832 3754 996 3828 nihil
1029 3756 1242 3851 magis
1279 3779 1443 3827 esse
1439 3751 1776 3858 lubricum
1808 3769 1877 3827 et
1912 3754 2293 3827 dubitationi
2325 3754 2705 3846 obnoxium,
2740 3780 2931 3852 quam

833 3915 1172 3981 numeros,
1227 3893 1610 3987 praesertim
1655 3893 1720 3965 in
1752 3869 2049 3982 Velleio,
2106 3891 2292 3963 cuius
2335 3913 2503 3964 unus
2542 3903 2791 3998 tantum
2839 3893 2928 3965 is·

835 4051 961 4124 que
1004 4025 1198 4100 valde
1246 4028 1634 4123 depravatus
1664 4026 1891 4132 codex
1934 4027 2229 4119 exstitit,
2299 4028 2392 4100 ita
2439 4041 2515 4101 ut
2559 4052 2647 4101 ne
2699 4024 2931 4104 lectio-'
2987 3995 3002 4006 Ι

834 4165 936 4236 nis
985 4164 1417 4260 discrepantia
1460 4163 1720 4261 quidem
1765 4161 2147 4240 adiuvemur
2172 4165 2255 4238 ad
2284 4188 2510 4237 verum
2540 4163 2931 4245 eruendum-2

834 4297 964 4373 Sed
1032 4324 1112 4372 ne
1162 4300 1460 4374 codicum
1513 4301 1796 4397 quidem·
1826 4326 1948 4397 ope
1990 4299 2069 4374 'in
2122 4268 2400 4395 singulis
2448 4303 2631 4373 annis
2657 4302 2923 4382 ‘consti-
3019 4295 3024 4302 ’

831 4436 1091 4509 tuendis
1136 4461 1391 4510 omnem
1443 4437 1580 4509 tolli
1633 4437 2102 4510 dubitationem
2153 4435 2338 4507 facile
2392 4434 2746 4528 concedet,
2816 4440 2926 4536 qui

829 4569 1281 4667 reputaverit,
1351 4574 1617 4650 veteres
1674 4575 1861 4670 ipsos
1922 4571 2101 4645 haud
2158 4594 2307 4645 raro
2373 4570 2452 4646 ab
2520 4597 2742 4648 errore
2795 4597 2965 4652 non-
