3667 5425
802 683 903 795 nii
934 680 1531 823 eonion-um.
1577 725 1883 818 Annas.
1926 727 2043 791 nr
2086 727 2219 791 nn.
2253 726 2525 794 ritmo.
2607 729 2882 803 mvn
2987 698 2992 703 ⁴

797 924 938 974 nem
1006 900 1264 993 tenuit,
1329 911 1406 971 ut
1463 885 1713 970 summa
1762 898 2079 992 religione
2123 897 2409 971 codicem
2456 903 2882 997 exprimeret,

795 1010 1004 1133 neque
1057 1033 1343 1131 prudens
1396 1047 1589 1131 atque
1637 1035 1854 1106 sciens
1900 1035 2239 1131 quicquam
2290 1037 2659 1130 exhiberet,
2717 1039 2888 1137 quod
2947 1082 2958 1087 —

773 1171 1076 1276 ‚lectores
1149 1172 1217 1242 in
1299 1171 1631 1260 errorem]
1668 1150 1747 1240 de
1799 1140 2142 1266 scriptura
2206 1172 2464 1245 codicis·
2518 1175 2879 1249 induceret.

796 1308 957 1383 Nam
1015 1331 1215 1404 quum
1265 1305 1452 1384 liber¹
1475 1328 1673 1379 manu
1721 1318 2028 1377 exaratus
2082 1308 2461 1403 saepissime
2514 1325 2646 1383 tam
2698 1313 2885 1384 vitio·

798 1470 902 1514 sus
962 1411 1331 1536 esse-ism.
1379 1426 1517 1514 sine
1563 1442 1964 1512 correctione
2007 1442 2125 1514 vix
2165 1459 2395 1539 posset
2442 1447 2577 1542 legi
2629 1461 2744 1519 aut
2789 1448 2885 1520 in-

798 1574 1002 1685 telligi
1022 1603 1091 1674 32„
1125 1578 1335 1666 editssr
1407 1578 1525 1650 hus
1585 1577 1763 1649 locos
1810 1579 2339 1671 corruptissimos
2386 1583 2454 1654 in
2504 1594 2693 1654 textu
2741 1585 2886 1678 qui-

798 1695 934 1810 dem
970 1713 1275 1819 rquuit,
1331 1714 1447 1786 sed
1495 1713 1562 1784 in
1601 1713 1925 1808 margine,
1983 1714 2301 1809 quomodo
2346 1716 2471 1810 ipsi
2519 1718 2889 1791 coniectura

798 1815 1054 1930 sanandi
1077 1837 1535 1952 <fidere-ntur,
1596 1847 1931 1921 indicavit.
2038 1849 2327 1923 Leviora
2371 1831 2537 1924 xvero
2589 1869 2885 1949 peccata,

780 2008 956 2087 qnae
977 2017 993 2075 ⁸.
1006 1991 1439 2082 certissimam
1475 1984 1790 2056 haberent
1823 1984 1935 2067 vel
1974 1974 2214 2086 habere
2256 1956 2636 2062 viderentur
2672 2015 2886 2064 emen·

810 2096 1311 2219 dationemsaut
1347 2127 1411 2195 in
1447 2095 1754 2219 peculiari
1805 2135 2071 2193 tantum·
2103 2115 2597 2218 orthographiae
2637 2127 2887 2199 ratione

801 2274 1223 2335 cernerentur
1241 2311 1262 2349 ,
1336 2258 1546 2330 tacz‘oe
1607 2257 1876 2335 sustulit
1944 2270 2074 2335 aut,
2122 2260 2509 2332 immutavit.
2616 2260 2693 2333 In
2761 2286 2887 2359 quo

801 2400 1182 2493 quamquam*
1225 2392 1545 2467 interdum
1598 2418 1638 2497 a
1684 2416 1845 2465 vero
1899 2392 2271 2485 aberravit,
2328 2408 2543 2471 tamen
2596 2421 2783 2471 nemo
2826 2398 2892 2471 id

798 2531 1193 2628 vituperabit
1238 2531 1527 2626 vitioque
1573 2531 1649 2600 ei.
1672 2543 1921 2620 vertet,
1980 2531 2088 2627 qui
2116 2533 2525 2635 reputaverit
2560 2533 2691 2641 illis
2727 2548 2888 2608 tem·

799 2668 1057 2763 poribus
1116 2665 1378 2739 codices
1429 2634 1684 2740 omnino
1734 2667 1982 2740 minore
2019 2644 2355 2763 ιὄικριβεειίἒε
2411 2671 2679 2743 tractari
2733 2670 2887 2744 soli·

804 2817 901 2876 tos
927 2857 949 2895 ,
1016 2826 1231 2900 neque
1300 2826 1571 2898 parasse
1641 2800 2021 2874 Rhenanum
2075 2776 2440 2876 editionem
2499 2803 2579 2876 ad
2626 2806 2889 2878 criticos

804 2962 959 3012 usus
1007 2935 1398 3012 destinatam
1420 2913 1460 3029 ,¹
1497 2936 1615 3010 sed
1666 2935 1731 3009 id
1782 2937 1994 3044 modo·
2026 2939 2293 3042 egisse,
2350 2953 2426 3010 ut
2456 2908 2632 3040 ⁸libe-r
2675 2942 2889 3036 paullo

802 3074 1197 3149 commodius
1249 3097 1439 3171 quam
1489 3074 1557 3146 in
1607 3071 1830 3172 codice
1882 3074 2016 3169 legi
2066 3088 2341 3169 posset.-
2405 3073 2506 3147 De
2559 3063 2686 3172 quo
2738 3100 2889 3150 con-

698 3233 701 3245 ·
802 3211 943 3284 silio
1006 3212 1153 3307 ipse
1219 3191 1482 3310 influe
1547 3208 1694 3282 libri
1732 3215 1824 3303 ·p.'
1885 3209 2028 3308 70¹:
2077 3214 2082 3219 '
2139 3206 2440 3302 »Quodsi
2515 3224 2588 3284 tu
2649 3213 2888 3305 scireS,
2942 3188 2947 3191 Ι

803 3348 1045 3444 inquit,
1101 3367 1294 3441 quam
1320 3367 1463 3442 ,ego
1504 3343 1848 3417 laborarim
1891 3346 1958 3416 in
1985 3344 2099 3415 -his
2143 3345 2523 3440 fragmentis
2563 3362 2890 3444 utcunque
2923 3361 2928 3366 “

804 3480 1219 3554 restituendis
1240 3533 1266 3576 ,
1322 3480 1516 3554 credo
1570 3478 1881 3578 fateberis
1907 3481 1911 3486 ’
1936 3479 2002 3553 te
2050 3480 2201 3552 mihi
2243 3504 2373 3554 non
2418 3482 2588 3561 nihil,
2621 3481 2887 3557 debere.

803 3615 1033 3714 Neque
1104 3618 1276 3690 enim
1341 3617 1520 3726 quia.
1554 3630 1631 3689 tu
1696 3617 1898 3688 multa
1958 3614 2205 3712 absque
2273 3618 2627 3691 offensione
2692 3618 2891 3715 legiS,

804 3751 1041 3826 idcirco
1086 3752 1309 3826 -codex
1350 3754 1579 3848 planus
1629 3747 1844 3847 erat,
1873 3745 2082 3840 immo¹
2111 3752 2273 3838 nihil
2320 3766 2463 3824 erat
2498 3776 2627 3826 non
2667 3752 2893 3848 depra-

803 3903 1066 3982 vatum3
1142 3890 1210 3990 in
1274 3889 1552 3985 singulis
1620 3911 1827 3985 paene
1889 3887 2112 3961 verbis
2165 3885 2579 3960 haerebatur.
2612 3919 2638 3952 «
2738 3888 2895 3965 Non

806 4024 963 4096 mala
1035 4038 1254 4098 autem
1320 4024 1449 4097 fide
1517 4025 1785 4120 egisse,
1882 4012 1997 4121 qui
2064 4025 2133 4096 in
2166 4011 2511 4098 'nonnullis
2565 4050 2601 4104 a
2654 4024 2893 4100 codicis

808 4161 1124 4256 scriptura
1146 4213 1169 4252 ,
1236 4148 1369 4246 non
1433 4162 1672 4234 monito
1740 4160 1987 4231 lectore
2008 4211 2034 4254 ,
2113 4159 2529 4256 discederet,
2602 4174 2739 4233 tum
2807 4184 2896 4234 ex

806 4292 1006 4369 libera
1058 4299 1203 4370 eius
1256 4300 1357 4371 rei
1409 4277 1823 4394 professione
1865 4309 2090 4391 patet,
2155 4310 2292 4370 tum
2337 4321 2424 4369 ex
2475 4298 2617 4392 ipsa
2660 4295 2894 4398 verbo-

782 4454 950 4505 ·rum
1010 4448 1404 4508 mutatorum
1469 4435 1741 4508 ratione·
1766 4431 2198 4528 intelligitur.
2306 4430 2624 4522 Quoniam
2678 4399 2894 4506 autem

808 4568 965 4642 felix
995 4569 1238 4646 Velleii
1260 4571 1644 4646 *emendatio
1692 4590 1991 4665 magnam
2028 4543 2278 4666 partem
2313 4566 2552 4663 pendet
2586 4593 2674 4643 ex
2714 4582 2895 4643 recte
