3667 5425
340 814 345 821 ,
391 744 513 813 uxxrr
622 708 1013 810 rnonucomaun
1053 708 1218 808 onnru.

816 1109 911 1185 Car.
938 1109 996 1183 Ill

462 1298 526 1354 De
546 1295 680 1354 codice
696 1294 970 1361 mustacem,
993 1280 1311 1352 ammoniatam
1331 1298 1373 1355 et

716 1385 901 1441 ltdtttoooe
921 1384 1115 1455 procace.

401 1645 403 1651 ,
495 1588 617 1663 Unicus
639 1587 760 1663 Vellcii
785 1589 912 1683 codex,
941 1584 1088 1660 initio'et
1113 1610 1230 1683 magna
1251 1575 1326 1659 libri
1352 1576 1437 1682 p'rio·

392 1726 438 1798 ris
465 1738 555 1820 parte
581 1724 743 1820 delectus,
771 1726 840 1820 qui,
867 1737 1037 1820 postquam
1064 1710 1161 1795 editio
1186 1725 1337 1818 princeps
1364 1720 1440 1831 indi

331 1932 337 1959 Ι
394 1884 553 1956 expressa
579 1859 659 1954 luit,
687 1861 811 1932 incuria
830 1861 893 1933 uel
919 1839 1057 1933 amissus
1085 1872 1166 1953 cst,
1188 1859 1243 1932 vel
1264 1859 1359 1955 plane
1381 1882 1438 1955 pc·

393 1997 472 2092 riit,
509 2017 592 2068 anno
617 1979 757 2068 MDXV
790 1995 823 2065 in
859 1994 1014 2066 coenobio
1046 1993 1251 2070 Murbaccnsi
1282 2018 1302 2068 a
1335 1993 1437 2068 Beato

392 2131 546 2205 ercnauo
589 2144 642 2204 cst
680 2143 844 2226 repertus.
910 2127 973 2232 Qui
1011 2154 1108 2226 quum
1141 2129 1258 2203 librum
1289 2130 1438 2203 fortunae

394 2268 531 2365 quodam
547 2242 674 2340 'lavore
707 2266 848 2338 oblatum
883 2267 970 2362 typis
1004 2248 1160 2362 ctulgarc
1198 2268 1437 2362 constituisset,

393 2404 497 2475 amico
539 2402 665 2476 cuidam
707 2400 951 2474 describendum
992 2401 1145 2497 tradidit,
1195 2416 1233 2475 ut
1275 2402 1438 2498 descripto

394 2539 543 2634 exemplo
574 2538 615 2613 ed
649 2538 799 2612 editionis
833 2539 1002 2633 negotium
1029 2551 1191 2639 uteretur.
1245 2535 1313 2612 Sed
1339 2562 1439 2635 quum

393 2675 542 2771 ¹videret,
580 2675 717 2748 amicum
738 2673 828 2770 illum
854 2674 1071 2769 expectationi
1092 2697 1205 2770 parum
1229 2676 1437 2770 respondisse

394 2813 529 2909 (quippe
563 2834 658 2909 quem
686 2824 841 2908 queratur
860 2821 1096 2908 properanter
1121 2822 1222 2907 atque
1247 2812 1440 2905 infeliciter

393 2948 425 3020 in
451 2946 662 3021 describendo
688 2960 855 3020 versatum
882 2948 999 3041 esse),
1034 2948 1105 3019 eius
1140 2947 1360 3042 apographum
1387 2973 1438 3022 se·

357 3082 574 3178 ,ponendum
608 3082 773 3171 camuli,¹
801 3095 898 3176 atquc
933 3080 1054 3156 Vellcii
1096 3081 1268 3158 editionem
1309 3086 1438 3157 omnino

393 3216 620 3324 dillcrendam,
657 3197 758 3290 donec
791 3218 933 3290 melioris
966 3217 1086 3289 codicis
1120 3219 1182 3312 ipsi
1208 3220 1300 3313 copia
1326 3219 1437 3317 lieret,

393 3375 488 3451 quern
514 3351 687 3426 Mediolani
719 3350 851 3447 haberi,
889 3353 965 3424 olim
998 3375 1017 3425 a
1053 3351 1195 3450 Gcorgio
1227 3354 1356 3432 Merula
1390 3358 1438 3429 in·

392 3503 540 3578 ventum,
562 3501 751 3585 acceperam
780 3489 825 3560 cl.
843 3487 988 3560 Rhenani
1004 3486 1148 3565 Praelat.
1170 3492 1200 3562 in
1218 3490 1282 3568 Ed.
1303 3490 1436 3570 fluunt.

262 3597 299 3690 J
339 3613 342 3626 '
392 3649 427 3720 p.
449 3623 560 3698 XXV
576 3623 663 3719 tn,
692 3640 724 3698 ot
751 3623 896 3697 ciusdem
923 3624 1060 3718 epistola
1086 3624 1126 3696 ad
1152 3624 1195 3699 G.
1220 3624 1437 3725 Spoletinum,

391 3761 425 3834 in
450 3758 603 3835 Scabodii
629 3759 713 3834 Bibl.
743 3761 819 3834 crit.
848 3784 880 3833 a.
909 3761 1022 3833 1820.
1047 3759 1147 3833 Fasc.
1169 3762 1260 3837 VIII.
1285 3787 1320 3857 p.
1345 3766 1434 3838 668.

392 3896 575 3970 aBardilio
606 3899 745 3993 prolata.
805 3897 854 3969 lta
888 3898 992 3969 trilus
1029 3897 1119 3969 aunis
1153 3898 1293 3992 elapsis,
1337 3925 1438 3997 quum

392 4045 425 4103 et
460 4030 543 4103 lama
575 4030 630 4102 illa
664 4031 704 4102 de
737 4030 847 4102 codice
874 4029 1109 4104 Mediolanensi
1141 4055 1225 4105 vana
1251 4050 1369 4127 essct,
1405 4051 1441 4111 ct

306 4197 310 4202 ·
392 4167 481 4240 multi
513 4166 704 4263 promissam
738 4165 909 4239 editionem
942 4166 1062 4238 acriter
1094 4163 1324 4263 postularent,¹
1350 4170 1437 4246 Rhe·

391 4327 517 4398 nanus,
551 4325 614 4376 non
641 4303 777 4398 amplus
801 4301 1015 4379 annotandum
1040 4316 1155 4393 ratus,
1194 4306 1265 4398 ipsc
1291 4305 1440 4384 codicem

390 4435 638 4512 Murhacenscm
664 4437 860 4536 descripsit,
899 4452 933 4511 ct
967 4436 1068 4510 verba
1097 4441 1242 4513 auctoris
1269 4447 1438 4542 utcunque

391 4571 557 4646 dmendata
591 4576 682 4669 prelo
717 4574 857 4649 tradidit.
920 4573 956 4650 ln
990 4596 1053 4671 quo
1079 4575 1213 4670 negotio
1238 4603 1308 4653 cam
1336 4582 1438 4656 ratio·
