3667 5425
408 736 531 833 anxur
574 832 577 839 Ι
613 819 616 825 ,
649 698 1035 810 rnonnaorunun.
1056 695 1166 805 'ena
1187 689 1228 808 ir.
1356 731 1358 742 '

511 910 559 982 Do
587 910 698 984 ordine
725 882 821 1004 uero,
851 925 946 1008 quem
972 913 1004 985 in
1021 909 1243 1007 eomponentlo
1266 925 1370 1010 opere
1397 934 1453 983 se·

407 1063 503 1122 (totus
538 1060 610 1138 est,
652 1048 791 1147 sortasse
825 1046 909 1121 haud
942 1047 1109 1122 licendum
1140 1045 1310 1137 violentur,
1351 1044 1475 1143 quum·

300 1194 303 1206 '
407 1190 461 1259 r'es
489 1205 594 1280 neque
620 1205 680 1277 per
706 1206 743 1254 se
770 1180 916 1275 obseura
934 1185 1003 1274 sit,¹
1033 1204 1139 1306 neqpe
1172 1205 1322 1280 magnam
1349 1206 1454 1280 quan·

408 1321 479 1392 dam
505 1319 676 1392 utilitatem
702 1320 882 1414 promittat.
926 1317 994 1394 Sed
1019 1331 1126 1425 tamen
1143 1332 1316 1417 propterea
1335 1321 1453 1415 paneis

406 1422 597 1550 attingenda
619 1467 686 1545 est,
715 1452 801 1551 quod
825 1458 933 1553 ratio„
950 1477 1045 1551 quam
1067 1468 1192 1531 auetor
1209 1456 1242 1527 in
1264 1477 1374 1530 remam
1397 1478 1453 1540 or·

407 1593 479 1666 line
513 1590 639 1681 tenuit,
674 1604 708 1663 et
740 1612 814 1662 eum
844 1592 1002 1664 universo
1028 1592 1100 1664 eius
1126 1591 1282 1688 ingenio,
1317 1604 1454 1664 etcum

407 1728 612 1803 festinatione
626 1724 800 1804 ,scribendi
824 1711 996 1800 coniuncta
1023 1740 1098 1818 est,
1133 1726 1233 1800 etad
1258 1741 1451 1825 utrumque,

407 1866 445 1938 le
474 1862 622 1961 quoiam
648 1884 748 1958 supra
767 1863 919 1959 egimus,
944 1863 1168 1938 illustrandum
1188 1848 1343 1960 pertinet.
1386 1863 1451 1939 Ni·

405 2001 519 2074 mirum
545 1999 714 2095 proposuit
740 1996 800 2071 sibi
827 1996 978 2072 Velleius
1010 2023 1168 2073 annorum
1192 1998 1311 2072 seriem
1337 1999 1450 2096 sequti,

407 2151 440 2211 et
465 2150 503 2210 ut
527 2132 667 2233 quidque
694 2147 839 2230 tempore
868 2134 958 2230 prius
985 2139 1078 2227 arai,
1114 2136 1159 2208 ita
1188 2135 1287 2208 etiam
1306 2135 1465 2230 priorem*

407 2276 438 2346 ilr
473 2271 656 2344 narratione
693 2270 801 2343 laeum
834 2271 873 2341 ei·
892 2271 1076 2368 assignare.
1130 2269 1197 2344 set
1226 2294 1325 2369 quum
1351 2270 1450 2345 nimio

405 2430 616 2506 personarum
650 2404 763 2480 studio*
793 2418 984 2500 teneretur,
1021 2420 1190 2503 utsupra
1217 2406 1450 2493 demonstrari-

405 2567 496 2635 mus,
525 2567 564 2616 eo
591 2542 808 2632 factumest,
841 2555 880 2614 ut
902 2565 1002 2638 saepe
1029 2544 1152 2616 invitus
1178 2568 1197 2615 a
1224 2545 1359 2618 oonsilio
1386 2569 1450 2619 suo

405 2679 617 2784 lelleeterot,
662 2691 697 2752 et
730 2701 795 2753 non
825 2677 948 2770 rebus,
992 2679 1052 2753 soil
1083 2681 1231 2776 personis
1263 2679 1448 2791 admonitus

404 2815 583 2907 traderet,'‘
596 2837 680 2913 quae
705 2814 769 2889 alie
794 2817 867 2889 loeo
894 2813 1049 2889 tradenda
1074 2830 1181 2890 erant.
1233 2816 1298 2912 Qui
1321 2820 1449 2915 primus

273 2999 279 3008 -
403 2955 464 3027 lroa
490 2953 571 3027 seito
602 2951 792 3025 observavit
816 2949 980 3048 Sauppius
1006 2954 1039 3026 in
1064 2952 1155 3027 Mus.
1183 2952 1316 3054 Helvet.
1340 2953 1377 3046 1,
1404 2956 1462 3040 2„

401 3114 437 3185 p.
457 3089 570 3178 toa,
597 3088 748 3182 exempla
768 3086 864 3160 lanius
888 3090 1106 3184 negligentiae
1131 3090 1241 3163 attulit
1264 3089 1310 3185 ll,
1329 3092 1366 3163 5.
1391 3090 1448 3164 ulti

403 3237 533 3298 narrato
564 3223 656 3295 exitu
682 3220 722 3296 P.
750 3220 914 3318 Scipionis
942 3220 1088 3299 Africani
1119 3227 1254 3300 minaris
1288 3229 1448 3301 transitum

402 3362 450 3435 ool·
465 3381 578 3433 eorum
597 3359 714 3432 lucum
734 3361 1084 3453 commemorationem,
1111 3364 1166 3459 qui
1185 3355 1348 3459 prioribus
1364 3377 1446 3436 tem

310 3588 313 3592 Ι
402 3497 535 3594 poribus
574 3497 607 3570 in
639 3493 793 3591 Hispania
830 3495 1056 3588 bellave-ant,
1104 3500 1197 3572 auius
1229 3498 1447 3596 diffessionis

399 3657 465 3710 aon
489 3633 551 3705 alia
577 3653 694 3704 eauasa
715 3630 794 3722 luit,
821 3654 918 3729 mam
941 3631 1124 3706 moilatio
1144 3634 1220 3707 loelli
1236 3634 1445 3728 Numantini,

275 3833 281 3848 .
309 3729 597 3898 ''vil-“m
625 3770 658 3842 in
687 3767 840 3865 llispauia
865 3770 965 3865 gesti.
1027 3765 1184 3843 Similiter
1203 3770 1250 3861 lt,
1277 3775 1342 3846 ll.
1370 3796 1453 3846 nar-2

299 3919 302 3926 '
382 3909 482 3981 'latio
503 3905 545 3979 ael
564 3903 718 3978 Caesaris
741 3885 945 3977 consulatum
968 3906 1151 4000 prooessit3
1178 3905 1239 3980 setl
1258 3905 1357 3981 larium
1381 3910 1446 3981 viri

398 4038 817 4136 magnitudine-admonitus
835 4051 952 4112 auctor
970 4040 1072 4113 multa
1087 4041 1190 4115 miert
1208 4066 1253 4115 aa
1270 4046 1445 4139 superiore

398 4192 566 4274 tempore,
592 4192 730 4270 quorum
750 4196 813 4248 suo
835 4174 909 4247 loeo
930 4178 1126 4249 mentionem
1145 4177 1254 4254 iacere
1269 4181 1443 4254 omiserat.

396 4313 485 4387 lolem
516 4313 594 4386 ierit
625 4312 659 4383 io
684 4309 886 4398 Oenomao,
924 4313 1018 4385 ouius
1039 4312 1085 4400 ll,
1112 4314 1176 4386 59.
1209 4317 1255 4388 ita
1281 4319 1444 4412 meminit,
1481 4331 1489 4342 “

397 4462 435 4521 ut
459 4449 555 4522 simul
584 4446 625 4521 at
643 4449 758 4543 priora
782 4448 856 4520 eius
882 4460 1026 4545 tempora
1053 4448 1189 4544 inoleat,
1224 4451 1364 4548 indeque
1390 4477 1445 4525 re·

396 4596 506 4682 petat,
541 4605 626 4680 quae
659 4596 755 4657 autea
786 4584 912 4690 referre
937 4585 1144 4679 neglexerat.
1199 4585 1331 4660 liutans
1356 4612 1445 4685 qnae
