3667 5425
393 734 517 803 mum
632 712 1020 798 nnonncoun'un.
1043 717 1152 825 'cun
1173 731 1213 801 u.

392 904 559 1003 plicitatc,
586 905 629 979 in
670 904 780 976 nativa
814 903 960 976 oratione
996 926 1061 976 non
1091 905 1172 977 satis
1207 902 1318 976 inesse
1352 901 1439 999 quad

393 1043 537 1138 placeret
564 1054 681 1130 natus,
724 1038 802 1111 nihil
837 1039 943 1135 magis
980 1038 1128 1130 studuit,
1165 1063 1261 1136 quam
1296 1051 1335 1111 ut
1369 1038 1437 1113 lan·

393 1192 534 1276 guentes
560 1190 594 1249 et
619 1174 806 1248 fastidiosas
831 1173 1014 1270 aequalium
1035 1175 1159 1247 animos
1184 1172 1438 1272 quaesitioribus

394 1328 428 1387 ct
451 1312 563 1386 verbis
591 1324 626 1383 et
650 1311 820 1384 sententiis
845 1311 1027 1401 excitaret,
1055 1311 1110 1407 qui
1136 1313 1269 1409 antiqua
1280 1323 1441 1407 xtauquam
1469 1346 1473 1355 c

354 1552 357 1556 Ι
394 1424 538 1523 trivialia
571 1461 605 1520 et
638 1444 784 1518 obsoleta
809 1459 1083 1542 aspemarentur‚
1117 1470 1174 1519 ees
1200 1447 1295 1520 novis
1322 1458 1357 1518 et
1383 1447 1440 1518 im·

394 1560 528 1695 modicis
565 1596 698 1679 caperet
736 1582 973 1678 definitaque,
1016 1595 1051 1655 ct
1089 1583 1227 1678 argutiis
1262 1583 1442 1655 oraticnem

395 1690 544 1794 candicat
572 1718 837 1814 acuminibusque
863 1717 1072 1793 illuminaret.
1129 1715 1202 1811 Qun
1228 1718 1347 1790 iactum
1373 1730 1441 1808 est,

375 1871 434 1951 ‚ut
459 1872 558 1953 quum
583 1856 616 1926 in
642 1856 759 1952 quavis
786 1877 908 1950 geuene
934 1852 1161 1929 attributorum
1189 1853 1319 1927 modum
1335 1865 1467 1926 .exce·'

395 1991 475 2084 dat„
499 1969 591 2082 tum,
610 1991 648 2062 si
676 1988 753 2086 quid
778 2012 936 2087 magnam
961 1990 992 2061 ei
1018 1989 1186 2063 dicendum
1211 2003 1284 2081 cst,
1313 2011 1444 2086 semper

304 2188 316 2209 „
394 2150 464 2234 rem
488 2125 600 2199 vcnbis
627 2125 661 2198 in
694 2128 882 2199 immensum
917 2137 1037 2220 augent
1064 2139 1096 2197 ct
1126 2124 1368 2223 hyperbolicam
1396 2125 1444 2217 ui·

396 2262 672 2336 vendicationem
700 2273 868 2351 sectetur,
897 2259 931 2333 id
956 2259 1042 2358 quad
1064 2261 1188 2356 primus
1215 2259 1381 2358 Sauppius
1408 2263 1445 2337 iu

393 2397 484 2473 Mus.
514 2396 647 2469 Helvet.
674 2395 704 2488 Ι,
722 2397 762 2469 2.
781 2421 815 2491 p.
836 2396 924 2469 177.
946 2396 1119 2493 diligenter
1137 2398 1284 2488 notavit‘,
1313 2421 1357 2469 ex
1379 2420 1446 2494 qua

395 2533 668 2633 commentatione⁸
696 2532 831 2628 egregia
858 2533 920 2605 vini
946 2533 1123 2605 acutissimi
1151 2534 1250 2606 venia
1275 2546 1444 2629 petemus,

397 2682 480 2770 quae
504 2668 543 2743 ad
569 2692 638 2743 rem
660 2666 870 2742 videbuntur.
905 2665 959 2742 At
983 2667 1044 2742 hcc
1071 2670 1173 2779 igitur
1193 2667 1446 2768 hypat-bolarum

284 2815 287 2821 '
398 2831 502 2905 genus
533 2807 698 2904 pectinent
730 2804 913 2904 locutiones
946 2804 1187 2880 huiuscemodi:
1204 2795 1208 2803 ’
1223 2803 1275 2899 Π,
1302 2808 1374 2897 41,
1404 2808 1442 2878 1.

398 2941 529 3017 Caesar
555 2945 666 3015 animo
690 2965 799 3040 super
824 2940 1003 3039 humanam
1028 2954 1066 3015 ct
1089 2953 1247 3016 neutram
1274 2952 1320 3015 ct·
1330 2940 1445 3037 fidem

287 3098 299 3117 ‘
395 3090 546 3152 euectus.
597 3076 649 3165 Π,
683 3075 756 3168 51,
793 3077 832 3147 3.
886 3075 1018 3151 Battus
1049 3078 1238 3153 accedente
1263 3076 1445 3152 numanus

385 3214 496 3309 fidem
520 3212 711 3285 temeritate
738 3196 920 3314 ingicsatts
946 3211 1078 3288 castra.
1117 3213 1162 3306 Π,
1184 3216 1248 3310 56,
1268 3218 1304 3288 t.
1361 3210 1445 3288 Cae·

395 3373 470 3441 aar,
495 3347 591 3446 quod
609 3345 789 3458 humanum
808 3348 960 3422 accedat
970 3348 1093 3445 fidem,
1117 3350 1272 3425 cmnt'bus
1291 3351 1441 3449 ignovit

392 3485 436 3575 Π,
468 3485 533 3575 10,
559 3485 598 3557 2.
631 3482 836 3580 'Pompeius
856 3509 927 3584 per
959 3486 1071 3558 omnia
1086 3487 1271 3581 fortunam
1295 3484 1445 3560 heminis

397 3642 576 3719 egressus.
630 3617 776 3712 11,3t,
805 3624 843 3694 1.
896 3620 1079 3720 Pompeius
1099 3646 1169 3718 per
1195 3624 1307 3696 omnic
1331 3624 1445 3695 maior

398 3780 482 3830 neco
515 3754 718 3831 tacebatur.
770 3756 823 3850 ΙΙ,
849 3757 923 3851 35,
949 3760 987 3831 2.
1045 3755 1147 3851 Cato,
1180 3756 1278 3831 homo
1310 3756 1449 3833 Virtuti

396 3894 588 3967 senatuum
619 3904 656 3965 ct
680 3916 750 3989 per
776 3896 888 3969 omm‘n
913 3895 1054 3993 ingenio
1080 3893 1149 3966 dut
1175 3918 1275 3991 quam
1300 3891 1443 3972 tomen·-

396 4026 459 4098 bue
471 4028 632 4123 propter.
670 4025 715 4116 11,
737 4028 801 4118 97,
819 4030 857 4101 2.
891 4027 1028 4101 Drusus
1049 4025 1211 4102 Claudiis
1236 4029 1446 4104 adulescens

344 4158 349 4170 '
395 4173 449 4234 tot
477 4170 713 4258 tantarumque
746 4165 928 4257 vitatum,
964 4176 1047 4261 quot
1077 4176 1114 4237 et
1144 4177 1290 4262 quantas
1316 4176 1445 4240 natura

394 4298 587 4400 mortalium
608 4300 746 4398 recipit.
783 4298 828 4391 Η,
845 4301 933 4396 130,
950 4302 988 4372 t.
1033 4298 1176 4373 Armaxa
1202 4314 1333 4395 mater,
1364 4304 1445 4376 emi·

335 4419 342 4432 ’
392 4434 593 4505 nictimine
620 4444 656 4507 et
673 4458 744 4531 per
769 4437 882 4511 omniu
910 4435 986 4510 deis
1009 4461 1108 4535 quum
1130 4436 1445 4514 homiminem

393 4569 462 4641 lt'or
490 4567 642 4660 femena.
705 4570 793 4647 Idem
828 4572 1077 4673 hyperbolicum
1117 4563 1260 4649 studium
1290 4573 1445 4672 credunt
