3667 5425
393 751 414 798 x
793 726 1043 797 PRAEFATIO.

394 924 443 976 ea
472 924 519 975 re
558 898 826 992 eommodinn,
872 901 1019 977 Orellio
1056 898 1252 993 debitum,
1289 896 1439 974 maior'o

305 1124 310 1135 ,
393 1045 638 1121 ineommodo
678 1044 888 1119 tolleretur.
957 1044 1057 1119 Nam
1101 1068 1221 1141 quum
1254 1043 1320 1117 ille
1356 1068 1440 1119 nou

393 1197 597 1289 perspecta
626 1188 793 1281 ratione,
828 1208 928 1285 quae
958 1185 1063 1261 inter
1094 1186 1441 1286 editionem-prin-¹

370 1335 521 1441 ‘eipem
554 1341 595 1407 et
628 1330 803 1406 eodioem
836 1330 1185 1406 Amerbaebianum
1220 1330 1438 1427 interoedit,

392 1477 642 1553 nibilominus
664 1482 848 1572 tanquam
862 1500 950 1550 rem
970 1475 1221 1551 certissimam
1245 1477 1320 1550 sibi
1343 1502 1440 1575 per·

396 1620 596 1714 1111111111,
628 1618 720 1693 buia
743 1619 857 1719 longe
880 1618 1072 1693 maiorem
1097 1644 1213 1717 quam
1237 1621 1294 1694 illi
1318 1620 1439 1696 fidem

396 1787 500 1849 esse,
521 1762 635 1838 111111
655 1763 899 1863 intelligitur,
927 1772 1110 1859 piantem
1132 1763 1214 1838 rim
1239 1764 1438 1862 praeiudi-

393 1916 476 1984 eata
508 1906 584 1981 ista
607 1906 738 2005 opinio
768 1906 948 1980 babuerit
980 1908 1032 1981 ad
1064 1915 1218 1982 rectum
1250 1908 1437 1983 iudicium

392 2076 471 2127 non
494 2049 616 2151 magis
640 2049 691 2122 de
714 2048 809 2123 loeis
832 2047 958 2122 dubiis
983 2056 1049 2123 1111
1075 2052 1284 2148 corruptis,
1319 2077 1438 2149 quiam

290 2306 294 2311 Ι
394 2196 448 2270 11
479 2194 582 2269 sanis
615 2201 731 2290 atque
757 2194 872 2268 oertis
897 2193 1187 2291 impediendum
1211 2219 1256 2269 aa
1279 2197 1437 2271 turban-

393 2338 497 2412 dum.
539 2337 639 2412 Nam
657 2336 823 2413 Orellius
844 2345 981 2436 aperta
996 2337 1246 2413 Amerbaehii
1265 2349 1436 2438 peecata,

391 2482 456 2560 vel
490 2505 514 2557 a
545 2480 776 2582 negligentia
805 2481 871 2557 vel
905 2481 952 2556 ab
979 2506 1113 2558 errore
1138 2483 1329 2581 profecta,
1361 2485 1435 2584 ipsi

392 2625 516 2703 oodioi
537 2625 777 2701 Murbaoensi
804 2624 1003 2722 tribuens,
1039 2652 1116 2702 non
1139 2630 1264 2703 solum
1287 2629 1434 2704 fontem

390 2771 585 2867 lectionis,
619 2796 692 2872 por
723 2795 766 2846 se
796 2771 899 2846 baud
932 2772 1022 2847 satis
1055 2772 1277 2871 limpidum,
1313 2775 1436 2876 magis

391 2918 508 2992 etiam
525 2915 725 2990 unbidum
744 2915 925 3011 reddidit,
949 2916 1019 2990 sod
1032 2917 1084 2992 'eo
1101 2917 1218 2993 etiam
1236 2919 1434 3018 prooessit,

390 3069 433 3135 ut
456 3059 702 3152 Rhodanum,
729 3057 999 3157 integerrimae
1020 3060 1112 3134 fidei
1131 3061 1349 3159 hominem,
1373 3063 1443 3137 in-·

391 3203 591 3280 simularet
614 3200 842 3300 turpissimis
866 3200 1224 3299 interpolationibus
1243 3207 1437 3283 Velleium

391 3347 632 3445 inquinasse,
656 3370 752 3444 quos
776 3345 901 3438 11111,
928 3347 1155 3446 plerumque
1178 3373 1311 3444 sanos,
1342 3353 1436 3429 dum

391 3491 488 3568 liotis
509 3489 585 3565 illis
606 3488 960 3586 interpolationibus
977 3489 1145 3566 liberare
1166 3495 1303 3589 studet,
1324 3497 1436 3599 longe

391 3632 624 3739 gravissimis
650 3632 982 3731 depravationibus
1005 3641 1157 3710 textum
1180 3635 1319 3715 affecit.
1433 3639 1436 3644 ’

493 3777 571 3878 Qui
593 3801 705 3853 error
725 3775 803 3852 viri
826 3779 1142 3876 praestantissimi
1164 3805 1214 3854 ne
1236 3782 1346 3857 altius
1369 3811 1436 3861 ra-

393 3921 499 3996 dioes
533 3927 682 4021 ageret,
724 3943 769 3993 ao
801 3919 915 3993 latius
948 3918 1107 3995 diffusus
1144 3946 1244 3998 nova
1274 3929 1436 4006 uulnera

395 4071 577 4163 oomrpto
619 4060 767 4137 auotori
798 4060 1008 4164 infligeret,
1047 4063 1144 4139 nibil
1178 4069 1299 4169 magis
1335 4097 1358 4146 e
1390 4100 1436 4148 ro

393 4206 531 4284 Velleii
555 4230 639 4282 esse
664 4205 894 4300 1111111111,
929 4232 1048 4305 quam
1073 4208 1106 4282 si
1131 4210 1308 4288 adhibitis
1334 4223 1372 4289 ot
1392 4216 1434 4290 in

392 4373 505 4426 1111111
522 4350 666 4429 voeatis
686 4349 861 4425 omnibus
885 4351 1160 4432 emendationis
1182 4357 1334 4432 auxiliis
1350 4361 1437 4435 odi·

392 4494 538 4573 tionem
572 4519 715 4574 novam
744 4518 947 4596 pararem,
979 4497 1022 4572 in
1047 4524 1127 4598 qua
1148 4502 1368 4580 adornanda
1395 4504 1435 4581 id
