3667 5425
487 730 582 797 xxtt
729 674 1113 793 runnueoutdrtl.
1157 727 1245 797 CAP.
1270 730 1309 791 ll.

486 897 741 991 convertebant;
776 900 828 971 cui
854 899 1057 995 utquisque
1084 910 1156 971 erat
1179 899 1372 994 proximus,
1399 899 1445 971 ita
1471 900 1537 975 sibl

487 1036 692 1111 felicissimus
718 1034 909 1124 videbatur,
938 1048 1035 1131 atque
1052 1035 1159 1107 omnia
1185 1036 1256 1107 eius
1282 1035 1451 1129 praeclara
1474 1035 1534 1109 du·

485 1172 581 1245 ecbat
605 1184 640 1243 et
665 1171 814 1267 egregia.
870 1167 997 1261 Quibus
1023 1169 1140 1266 agendi
1172 1172 1300 1243 naviter
1328 1184 1362 1243 et
1393 1172 1533 1279 facultas

372 1311 376 1331 ¹
485 1309 633 1402 adempta
659 1319 750 1379 esset
775 1319 810 1379 et
834 1305 1008 1397 voluntas,
1035 1307 1123 1405 loqui
1142 1307 1222 1380 satis
1248 1305 1426 1400 habebant,
1455 1332 1532 1405 gra·

483 1447 636 1540 viumque
662 1442 869 1539 negotiorum
891 1465 973 1516 cura
998 1456 1098 1519 exuta
1123 1442 1178 1514 vel
1205 1445 1298 1537 plane
1331 1446 1443 1517 inanes
1473 1469 1532 1519 res

482 1578 716 1678 loquebantur,
758 1578 813 1651 vel
856 1602 977 1675 graves
1007 1550 1162 1653 'inanium
1199 1580 1293 1653 modo
1327 1578 1529 1677 iudicabant,

483 1731 639 1790 externae
676 1714 797 1810 speciei
830 1715 1002 1809 plurimum
1038 1714 1246 1811 tribuentes,
1289 1737 1393 1813 eoque
1428 1740 1530 1791 verae

482 1852 617 1925 rationis
648 1850 771 1944 pariter
792 1850 959 1925 incuriosi
985 1863 1082 1947 atque
1109 1852 1226 1947 ignari.
1277 1850 1365 1925 Haec
1391 1852 1423 1924 in
1446 1851 1530 1925 iudi·

482 1988 583 2063 cando
609 1985 727 2075 levitas
753 1985 857 2081 qualis
884 1985 985 2059 luerit
1005 1970 1176 2067 'luculento
1200 1987 1349 2082 exemplo
1376 2012 1413 2061 ac
1439 1989 1529 2063 miri·

482 2124 544 2197 fica
567 2135 637 2195 arte
660 2118 805 2195 ostendit
829 2119 966 2196 Tacitus
989 2117 1122 2195 Annall.
1144 2121 1174 2212 1,
1194 2124 1249 2217 n,
1277 2134 1372 2220 quem
1401 2124 1527 2221 locum,

480 2261 556 2358 quia
580 2258 750 2354 plurimam
774 2258 879 2333 lucam
898 2258 1080 2371 quaestioni
1097 2271 1229 2332 nostrae
1245 2257 1392 2351 affundit,
1421 2270 1528 2335 totum'

480 2396 542 2469 bue
577 2390 863 2467 uuussem'bemus.
917 2392 968 2465 De
991 2389 1138 2490 Augusti
1170 2395 1285 2491 igitur·¹
1307 2380 1410 2469 morte
1434 2397 1524 2469 ille:

479 2530 651 2619 »Multus‚
678 2528 805 2625 inquit,
832 2527 904 2602 bine
931 2530 1001 2626 ipso
1020 2529 1060 2603 de
1077 2526 1230 2627 Augusto
1251 2553 1382 2622 sermo,
1408 2532 1525 2627 pleris-

477 2691 540 2767 que
574 2689 659 2739 vana
693 2663 908 2758 mirantibus,
944 2664 1030 2763 quod
1062 2666 1147 2741 idem
1173 2665 1243 2741 dies
1270 2668 1396 2764 accepti
1422 2692 1524 2767 quon·

477 2804 549 2878 dam
575 2802 702 2899 imperii
727 2803 879 2898 princeps
905 2817 939 2875 et
963 2806 1051 2877 vitae
1077 2826 1273 2900 supremus,
1305 2803 1391 2900 quod
1415 2804 1523 2880 Nolae

476 2943 510 3014 in
531 2939 625 3013 domo
652 2951 688 3010 et
711 2937 879 3029 cubiculo,
908 2940 941 3012 in
967 2962 1031 3037 quo
1056 2953 1150 3035 pater
1176 2942 1248 3038 eius
1274 2938 1448 3032 Octavius,
1473 2941 1522 3014 vi·

350 3165 353 3180 Ι
475 3088 541 3148 tam
574 3073 748 3146 linivisset.
809 3072 976 3148 Numerus
1002 3077 1099 3148 etiam
1125 3077 1350 3149 consulatuum
1376 3075 1521 3150 celebra·

474 3210 592 3299 batur,
636 3231 700 3304 quo
725 3206 895 3283 Valerium
931 3206 1076 3283 Corvum
1110 3225 1143 3284 et
1178 3209 1217 3284 C.
1252 3210 1392 3286 Marium
1424 3213 1521 3286 simul

473 3356 692 3442 aequaverat,
728 3345 914 3417 continuata
948 3369 1009 3440 per
1035 3361 1160 3443 septem
1187 3359 1221 3418 et
1255 3348 1388 3443 triginta
1416 3373 1519 3423 annos

473 3480 645 3554 tribunicia
678 3493 847 3574 potestas,
894 3505 1011 3553 nomen
1045 3481 1251 3577 imperatoris
1283 3485 1402 3559 semel·
1421 3499 1519 3584 atque

472 3617 575 3690 vicies
601 3628 751 3711 partum,
779 3616 904 3713 aliaque
931 3617 1088 3690 honorum
1108 3616 1318 3713 multiplicata
1337 3632 1395 3692 aut
1415 3644 1517 3694 nova.

471 3749 519 3827 At
543 3750 627 3848 apud
641 3751 830 3847 ¹prudentes
855 3753 925 3825 vita
950 3754 1021 3826 eius
1044 3756 1136 3826 varie
1161 3753 1376 3828 extollebatur
1399 3780 1518 3853 argue·

470 3887 625 3990 baturvc2
684 3888 726 3960 lli
761 3889 881 3994 pietate
916 3913 996 3984 erga
1022 3902 1188 3984 parentem
1215 3902 1249 3961 et
1274 3891 1517 3964 necessitudine

470 4021 679 4119 reipublicae,
707 4023 740 4093 in
762 4045 826 4118 qua
852 4023 959 4096 nullus
982 4037 1058 4096 tunc
1080 4003 1208 4120 legibus
1232 4025 1338 4116 locus,
1365 4025 1406 4098 ad
1428 4050 1519 4102 arma

469 4159 578 4234 civilia
603 4170 724 4247 actum,
753 4180 836 4254 quae
859 4182 965 4255 neque
989 4160 1094 4254 parari
1116 4173 1252 4255 possent
1276 4183 1381 4257 neque
1403 4160 1518 4237 baberi

469 4320 528 4392 per
560 4295 662 4370 bonas
688 4307 791 4369 artes.
849 4293 954 4370 bdulta
979 4273 1147 4387 Antonio,
1183 4295 1257 4369 dum
1285 4298 1518 4373 interfectores

468 4433 571 4526 patris
604 4432 839 4522 ulcisceretur,
875 4431 976 4504 multa
1000 4431 1126 4528 Lepido
1160 4434 1386 4527 concessisse3
1423 4450 1517 4530 post-

467 4589 563 4666 quam
582 4545 642 4641 'bic
667 4568 815 4644 socordia
839 4571 999 4664 senuerit,
1026 4568 1080 4640 illc
1107 4592 1166 4666 por
1191 4566 1338 4640 libidines
1365 4593 1515 4666 pessum·
