3667 5425
439 780 496 847 rx
674 738 1245 843 rdouaeourrtcuru.

439 948 607 1040 tribucre,
647 971 706 1044 per
736 949 795 1021 lias
827 947 925 1021 modo·
955 946 1077 1021 aditum
1102 968 1216 1043 parare
1243 942 1364 1034 adid,
1399 944 1489 1041 quod

438 1088 501 1184 ipsi
528 1097 599 1159 erat
623 1085 846 1183 propositum,
875 1108 982 1181 neque
1007 1097 1123 1179 postea
1149 1082 1189 1154 ad
1218 1106 1273 1154 eas
1299 1081 1485 1176 respicere.

440 1221 549 1315 Quare
576 1223 623 1293 ita
644 1220 842 1314 assentimur
858 1218 998 1310 Halmio,
1024 1233 1063 1291 ut
1085 1217 1254 1291 historiae
1274 1218 1488 1291 Romanae

440 1344 701 1453 inscriptionem,
733 1358 778 1430 ex'
800 1356 872 1451 ipso
899 1353 1010 1427 codice
1035 1351 1243 1429 Murbacensi
1267 1353 1487 1451 desumptam,

439 1492 591 1590 putemus
610 1494 676 1566 uon
694 1492 830 1565 alienam
847 1514 938 1583 erse,
963 1490 1193 1587 commodeque
1209 1486 1345 1564 retineri
1364 1487 1485 1586 porre3

369 1626 375 1635 ’
441 1630 633 1727 quamquam
655 1634 729 1730 uon
763 1627 902 1701 dixerim
938 1627 1032 1722 plaue
1058 1640 1179 1735 certam
1213 1651 1311 1718 esse,
1343 1638 1380 1698 et
1406 1626 1488 1699 nulli

441 1764 631 1839 dubitationi
666 1763 850 1836 obnoxiam.
921 1758 989 1836 Sed
1026 1775 1191 1859 utcunque
1226 1775 1310 1856 est‚··
1337 1763 1488 1856 prolecto

441 1886 587 1999 praestat
618 1898 651 1973 id
684 1901 801 1997 requi,
843 1896 931 1994 quod
963 1920 1060 1994 quum
1091 1922 1151 1995 per
1181 1922 1217 1970 se
1250 1921 1314 1971 nou
1342 1898 1490 1994 ineptum

443 2039 510 2129 sit,
546 2028 785 2141 't'um'aliquam
814 2046 969 2107 externae
1002 2016 1203 2107 auctoritatis
1238 2030 1489 2106 commendatio·

440 2198 516 2247 nom
549 2170 686 2262 haheat,
724 2194 819 2287 quam
851 2171 940 2243 solas
967 2170 1169 2243 coniecturas
1194 2170 1364 2266 amplecti,
1398 2170 1490 2243 ntdln

316 2323 318 2327 '
385 2364 394 2389 ,
440 2309 637 2383 necessitate
661 2304 755 2380 nobis
777 2330 853 2380 sese
878 2308 1065 2380 offerentes.

443 2492 447 2499 -
545 2441 618 2535 Quo
637 2457 752 2516 autem
777 2443 912 2516 coneilio
938 2441 1090 2518 Velleius
1117 2443 1288 2538 scripserit
1309 2441 1487 2516 Historiam

442 2550 618 2655 Romanam
656 2602 722 2652 uon
765 2578 985 2677 quaerendum
1016 2577 1110 2685 nobis
1140 2591 1259 2670 esset,
1303 2580 1332 2651 si
1367 2581 1486 2675 prioris

442 2716 516 2792 libri
542 2715 801 2830 initiumpdhue.
823 2730 1035 2813 superesset,
1064 2739 1127 2814 quo
1153 2714 1239 2789 haud
1264 2714 1360 2789 dubie
1378 2739 1485 2812 expo·

443 2857 510 2930 ruit
542 2867 578 2930 et
600 2863 703 2952 ‘quem
739 2852 900 2928 scribendi
934 2855 1080 2926 cauisam
1111 2849 1281 2942 habuerit,
1326 2863 1361 2923 et
1391 2875 1487 2950 quam

442 2993 551 3087 operis
577 2989 788 3084 componendi
812 2991 973 3062 rationem
998 2963 1059 3061 sibi
1086 2987 1281 3085 sequendam
1305 2989 1484 3085 putaverit.

440 3124 518 3202 Nou
544 3126 624 3198 salso
650 3124 735 3198 euim
760 3123 822 3196 hoc
847 3126 986 3220 comici,
1012 3124 1205 3220 intelligitur
1230 3123 1416 3219 planissime
1444 3147 1487 3198 err

442 3262 483 3333 iio
515 3260 619 3352 locis,
656 3259 712 3333 ulti
745 3273 860 3334 auctor
889 3259 933 3334 ad
966 3283 1026 3352 ca,
1071 3283 1154 3358 quac
1186 3258 1226 3332 dc
1258 3259 1393 3332 consilio
1420 3279 1486 3334 'ruo

441 3396 606 3494 praelatus
640 3409 731 3492 erat,
765 3397 925 3492 respicit3
961 3395 1005 3468 ci.
1034 3394 1079 3488 Π,
1109 3398 1240 3487 38,1.
1293 3395 1400 3468 Hand
1429 3396 1487 3470 od-

441 3532 582 3606 rordum
599 3531 736 3604 otiletnr
751 3533 994 3628 propositi
1016 3534 1169 3628 operit
1190 3532 1381 3631 regulae
1398 3556 1487 3629 part·

443 3670 496 3742 oto
515 3691 754 3765 percurrero,
781 3691 882 3765 poce
917 3670 1080 3767 cuiusque
1108 3667 1212 3742 ductu
1236 3643 1334 3766 'geno
1358 3671 1487 3744 --rti

427 3801 626 3902 'pendentia
648 3806 759 3899 sacto
786 3807 845 3878 cit.
899 3804 952 3898 11,
982 3807 1053 3900 49,
1083 3808 1120 3878 1.
1173 3801 1277 3880 Nut'c
1302 3809 1486 3902 proponite

442 3943 546 4034 operi
565 3941 813 4033 conformo
834 3911 1014 4013 reddatur.
1049 3939 1103 4030 11,
1132 3913 1197 4034 55,
1225 3942 1259 4012 1.
1314 3938 1491 4018 Admonet

435 4074 691 4170 promt'aaoe
725 4075 906 4148 treoztao'c
927 4074 1046 4168 fider,
1085 4087 1212 4171 quanto
1239 4080 1351 4151 omnin
1374 4089 1489 4152 trater·

442 4199 548 4284 curce
574 4208 719 4284 dicendo
744 4213 825 4285 εἰπέ.
862 4210 1051 4303 11,.66‚3.·
1083 4207 1186 4310 Cogit
1209 4213 1383 4286 eocodero
1399 4237 1487 4311 pro-

436 4350 551 4442 pocati
569 4347 763 4442 formum
797 4349 915 4444 operit
947 4353 1129 4446 erumpent
1153 4350 1264 4421 onemo
1287 4360 1324 4422 et
1337 4360 1488 4446 pectore

442 4481 649 4579 tiodignotio.
695 4483 740 4576 ll,
768 4486 832 4579 96,
856 4485 899 4558 3.
947 4483 1136 4582 anopuo
1160 4495 1282 4558 cernet
1292 4485 1488 4580 sormam

441 4639 571 4692 ruam.
607 4617 734 4715 11,89‚
752 4622 791 4694 6.
831 4620 909 4700 Noe
934 4643 1146 4696 memoror
1164 4621 1488 4721 profectionis
