3667 5425
318 734 370 816 'on
383 745 682 820 oonwauoan
701 747 854 820 amna.
869 725 928 821 nu
941 747 1006 818 nn.
1026 746 1160 819 euno.
1200 720 1363 820 txxxm'
1405 744 1415 751 “
1473 723 1474 727 ‘

320 921 358 999 illi
383 938 450 994 non
474 917 758 1016 obtemperarunt,
784 920 889 1015 magis
916 931 1093 1008 curantes,
1121 933 1159 991 ut
1178 943 1273 1016 paam
1293 923 1355 1017 pri-

318 1082 398 1132 num
423 1057 538 1131 labore
561 1055 838 1151 defungerentur,
867 1063 962 1151 quam
985 1069 1023 1129 ut
1046 1030 1130 1134 liber
1154 1055 1237 1131 hene
1262 1057 1358 1134 hehe·

317 1209 375 1267 rat.
432 1193 554 1291 Itaque
584 1215 679 1266 meua
710 1189 928 1270 amanuensis
955 1193 1109 1267 columen
1135 1196 1227 1289 typis
1253 1219 1358 1269 caco..
1468 1218 1476 1236 ‘

316 1354 383 1405 eane
409 1330 523 1404 dorm
550 1353 626 1401 eom
651 1316 784 1406 ocante
812 1329 1059 1424 acatalepton
1086 1353 1185 1427 qaam
1211 1331 1356 1430 delegen-

316 1478 384 1558 ter,
415 1467 518 1543 saiw
540 1465 642 1539 tator
667 1476 722 1542 eat
742 1464 1010 1539 emendationum
1036 1469 1147 1539 lamio
1175 1439 1278 1568 opaci
1299 1470 1356 1542 od·

315 1603 465 1676 thoman
517 1600 572 1679 Ex
605 1601 656 1677 his
688 1601 874 1697 planissime
909 1600 1104 1696 intelligitur
1128 1605 1265 1698 primunr
1290 1629 1356 1679 ma·

314 1740 415 1817 tinea
433 1737 590 1811 llhenano
616 1760 713 1811 curae
740 1737 867 1827 luisse,
893 1751 931 1809 ut
955 1737 1051 1828 editio
1077 1739 1229 1834 princeps
1258 1763 1354 1837 quam

314 1875 555 1951 accuratissime
582 1873 631 1949 'od
654 1865 910 1967 cooliooh'fidcm
938 1873 1177 1968 excuderetur3
1213 1878 1355 1975 alioquin

314 2035 374 2083 non
405 2024 577 2105 tantopere
612 2023 746 2106 quastus
774 2023 863 2082 esset
889 2008 928 2081 de
955 2010 1150 2106 typographi
1176 2026 1273 2108 atque
1299 2038 1355 2086 eo,

316 2171 405 2241 mun,
432 2148 489 2243 qui
515 2146 655 2242 plagulis
682 2145 882 2241 corrigendis
908 2153 1123 2241 praeessent,
1160 2149 1352 2243 oscitantia3

316 2297 375 2359 un
411 2283 453 2354 do
489 2281 710 2375 interpolando
740 2295 835 2355 textu
868 2305 908 2353 ne
934 2296 1001 2376 'per
1033 2282 1192 2391 sonnium
1227 2284 1355 2381 quidem
1483 2324 1486 2329 ν

314 2421 455 2515 cogitare
486 2419 656 2513 potuisse,
693 2419 747 2514 qui
772 2430 977 2491 correctores
1003 2431 1171 2508 moneret,
1205 2434 1242 2493 ut
1268 2421 1354 2493 ooli·

314 2580 378 2629 cem
403 2553 654 2630 Murhacensem
680 2579 745 2667 span
770 2556 874 2628 minus
900 2578 1018 2650 saepe,
1051 2577 1146 2649 quam
1172 2558 1355 2651 exemplum

315 2716 405 2766 suum
431 2691 653 2787 inspicerentp
673 2690 796 2764 deinde
819 2691 939 2782 muta,
967 2715 1049 2787 quae
1072 2689 1176 2763 ined.
1197 2716 1250 2787 pr.
1275 2694 1354 2766 salso

316 2828 482 2924 leguntur,
507 2852 573 2908 non
589 2827 748 2922 Rhenani,
772 2828 831 2899 sed
857 2825 1046 2924 typothetae
1072 2838 1169 2922 atque
1192 2843 1354 2900 correcto-

316 2965 359 3036 ris
386 2964 498 3058 culpae
524 2988 599 3037 esse
622 2962 813 3055 tribuenda,
843 2962 982 3058 deniquo
1003 2961 1173 3034 Burerium
1195 2964 1300 3059 ipsum
1321 2966 1355 3042 in

317 3100 422 3174 coice
448 3124 524 3173 curn
550 3100 604 3174 ed.
632 3125 682 3195 pr.
717 3099 911 3172 conserendo
938 3123 1062 3171 summa
1086 3099 1255 3195 diligentia
1281 3126 1354 3174 ver·
1441 3084 1443 3087 ⁵

320 3252 418 3312 satum
444 3261 520 3312 esse
544 3260 650 3333 neque
676 3237 757 3310 falso
785 3236 925 3309 studium
949 3260 1043 3312 suum
1070 3237 1103 3308 in
1129 3261 1168 3308 ea
1194 3262 1231 3309 re
1257 3204 1354 3311 eollo·

320 3388 417 3446 raum
451 3373 652 3469 praedicare.
716 3369 789 3465 Qua
822 3374 893 3445 eius
927 3349 1025 3467 opera
1059 3395 1158 3475 quum
1184 3373 1354 3446 detrimen·

322 3520 403 3599 tun,
431 3508 628 3606 typographi
652 3510 854 3606 negligentia
870 3505 1001 3584 Velleio
1020 3509 1174 3600 allatum,
1203 3512 1356 3614 sarcitum

323 3645 376 3735 sit,
413 3646 449 3718 id
480 3646 650 3719 consecuti
684 3668 797 3717 sumus
809 3698 820 3736 ,
857 3658 896 3718 ut
927 3648 986 3718 vix
1018 3646 1084 3718 ullo
1120 3645 1192 3717 loco
1225 3645 1356 3718 dubium

323 3782 378 3870 sit,
414 3781 493 3878 quil
518 3780 692 3855 Rhenanus
727 3784 849 3877 pariter
875 3785 973 3877 atque
1000 3780 1156 3852 Burerius
1186 3782 1219 3851 in
1244 3780 1355 3852 codice

323 3912 422 3990 llunh.
450 3918 605 4013 legerint.
660 3917 850 4015 Ubicunque
882 3920 967 3990 euim
992 3917 1044 3989 hio
1069 3915 1148 3988 nihil
1166 3916 1354 4009 annotavit,
1456 4003 1461 4019 x

324 4073 353 4121 ea
385 4076 441 4126 res
478 4053 669 4127 ilocuhnento
713 4069 765 4127 est
804 4055 907 4127 vorh'a
944 4053 1111 4128 editionis
1129 4052 1355 4127 Rhenanianaa

271 4251 273 4272 ,
324 4210 385 4262 cnm
412 4188 525 4261 codice
549 4190 756 4277 Murhaoensi
784 4216 989 4289 congruere,
1027 4193 1072 4263 ita
1099 4160 1285 4262 ut'Burerii
1313 4192 1356 4260 si·

323 4320 412 4398 lentio
446 4351 512 4399 non
546 4329 649 4401 minor
681 4331 857 4437 auotoritas
893 4332 957 4424 sit,
995 4352 1090 4424 quam
1116 4325 1237 4398 diserto
1265 4325 1356 4396 testi-

324 4463 439 4534 nonio.¹
490 4462 551 4536 llis
588 4464 686 4538 nehus
720 4468 765 4538 ita
796 4467 1010 4561 comparaiis,
1039 4462 1225 4536 Rhenanum
1258 4463 1356 4534 inter·

324 4598 492 4687 palationis·
518 4601 705 4676 insinulara
739 4604 817 4675 nihil
841 4604 929 4675 aliud
956 4615 1029 4695 est,
1044 4622 1047 4627 ’
1064 4599 1159 4696 quani
1188 4599 1252 4687 una
1276 4599 1357 4671 duos

1091 4738 1148 4807 g*
