3667 5425
476 768 572 834 xtttt
712 762 1092 828 rnotmuontttrtt.
1134 762 1269 826 cant.

474 932 644 1027 tetrasse,
672 935 726 1030 qui
753 934 843 1007 illum
867 933 1047 1007 adiutorem
1070 934 1274 1027 negotiorum
1297 932 1521 1028 principalium

474 1071 709 1166 assumpserit,
763 1072 796 1141 in
840 1093 903 1166 qno
938 1072 984 1141 ita
1019 1082 1169 1141 versatus
1207 1083 1281 1160 est,
1335 1083 1372 1140 ut
1413 1072 1520 1164 capite

476 1205 672 1281 CXXVIII.
700 1229 803 1301 paene
837 1207 1081 1295 excusationem
1108 1204 1233 1277 Tiberii
1257 1207 1444 1300 suscepisse
1470 1208 1519 1278 ui·

475 1344 620 1441 dentur(
655 1341 730 1436 Ipse
762 1354 871 1414 autem
895 1365 994 1438 quum
1020 1341 1098 1414 nihil
1124 1338 1243 1451 Seiano
1270 1339 1428 1436 deberet,
1464 1341 1519 1415 Ti·

474 1478 565 1555 berio
599 1478 724 1568 omnia,
763 1479 880 1574 qnippe
916 1479 1009 1550 euius
1035 1458 1080 1549 ¹et
1113 1480 1255 1549 savorem
1283 1476 1521 1550 inhonorifico

475 1616 607 1691 miiitiae
641 1636 739 1686 cursu
774 1628 866 1686 esset
892 1627 1069 1709 expertus,
1105 1610 1139 1684 et
1169 1627 1328 1709 perpetua
1354 1614 1460 1708 gratia
1487 1616 1521 1685 in

475 1752 543 1823 otio
568 1747 692 1822 urbano
719 1749 896 1845 frueretur,
922 1773 987 1822 nou
1014 1762 1066 1820 est
1091 1748 1261 1839 credibile,
1286 1745 1405 1820 Seiano
1432 1751 1520 1822 eius-

476 1910 539 1984 que
562 1862 672 1957 amicis
690 1896 725 1955 et
743 1886 842 1955 sociis
866 1887 1046 1979 oppressis,
1065 1886 1098 1957 in
1115 1884 1279 1959 Velleium
1297 1908 1426 1981 quoquc
1445 1908 1520 1957 esse

475 2023 656 2110 saevitum,
685 2021 740 2115 qui
761 2019 800 2091 ab
827 2020 882 2091 illo
908 2041 972 2091 non
999 2033 1089 2091 esset
1115 2045 1158 2091 ex
1185 2019 1324 2092 obscuro
1350 2021 1422 2092 loco
1445 2043 1520 2115 pro-

474 2170 600 2231 tractus
633 2168 690 2229 out
724 2156 876 2249 praemiis
916 2153 1095 2258 opibusque
1127 2157 1276 2228 affectus.
1339 2136 1424 2240 Tum
1455 2180 1521 2229 non

475 2291 706 2390 negligendum
732 2304 805 2386 est,
838 2289 887 2365 M.
912 2288 1101 2382 Vinicium,
1136 2292 1188 2363 cui
1222 2290 1382 2365 dedicavit
1406 2305 1521 2365 auctor

475 2428 618 2501 libellum
646 2425 758 2501 Seiani
790 2426 902 2500 laudes
936 2428 1174 2519 continentem,
1213 2426 1303 2501 clade
1329 2429 1383 2500 illa
1397 2481 1407 2519 ,
1437 2452 1519 2525 quae

476 2565 630 2659 plurimos
672 2562 810 2654 afflixit,
863 2586 927 2637 non
966 2563 1068 2637 fuisse
1109 2564 1364 2660 pessumdatum.
1433 2564 1519 2639 Nam

475 2725 558 2773 anno
584 2712 660 2794 post
681 2723 702 2771 a
726 2696 859 2773 Tiberio
882 2700 963 2774 adeo
990 2698 1107 2796 dignus
1133 2699 1260 2774 habitus
1287 2715 1358 2793 cst,
1386 2702 1440 2800 qui
1467 2700 1518 2774 Iu-

474 2837 572 2926 liam,
618 2834 802 2924 Germanici
835 2836 959 2929 filiam,
1000 2840 1033 2911 in
1067 2839 1302 2911 matrimonium
1338 2840 1517 2934 acciperet,

478 2985 562 3042 teste
585 2969 702 3042 Tacito
727 2968 859 3044 Annali.
888 2972 959 3065 VI,
991 2977 1078 3066 15.;
1111 2974 1285 3071 idemque,
1313 2997 1410 3071 quum
1435 2999 1518 3047 anno

475 3131 509 3201 p.
541 3104 621 3178 Chr.
640 3121 686 3176 n.
721 3108 785 3178 36.
828 3131 930 3203 grave
972 3108 1153 3181 incendium
1189 3109 1303 3182 urbem
1336 3123 1518 3206 vastasset,

474 3265 549 3314 cum
568 3241 700 3313 relicuis
720 3241 824 3316 trihus
840 3243 964 3316 Tiberii
981 3247 1172 3341 progeneris
1190 3243 1390 3319 aestimando
1408 3248 1518 3320 cuius·

476 3401 538 3475 que
567 3377 759 3450 detrimento
786 3392 838 3451 est
863 3378 1030 3471 delectus,
1057 3405 1091 3453 v.
1122 3379 1230 3478 Tacit..
1251 3379 1342 3455 Anu.
1361 3381 1426 3478 VI,
1452 3385 1515 3456 45.
1558 3411 1561 3418 ·

474 3513 605 3588 Vinicio
627 3515 731 3608 igitur
748 3537 847 3611 quum
867 3540 932 3589 non
952 3516 1093 3589 obfuerit
1105 3515 1228 3590 Velleii
1244 3518 1398 3609 amicitia,
1424 3541 1518 3616 quam

474 3649 525 3721 hic
552 3648 747 3723 testificatus
774 3665 844 3724 erat
870 3677 968 3748 opere
994 3654 1040 3725 itti
1071 3651 1267 3745 dedicando,
1295 3655 1328 3726 in
1355 3677 1519 3751 quocum

473 3783 587 3858 Tiberi
621 3786 769 3860 laudibus
803 3786 913 3862 Seiani
946 3813 1074 3887 quoque
1110 3792 1345 3886 coniungeret,
1380 3814 1519 3886 prorsus

473 3924 669 3994 assentimur
693 3921 858 4018 Sauppio,
895 3891 1054 3998 in‘Mus.
1084 3924 1197 3997 Turio.
1226 3925 1263 4016 I,
1290 3928 1329 3998 2.
1359 3951 1394 4022 p.
1426 3930 1515 4001 141.

472 4057 654 4147 statuenti,
692 4080 847 4155 perquam
881 4060 1009 4133 dubiam
1036 4074 1070 4132 ct
1095 4062 1251 4134 incertam
1275 4061 1376 4134 videri
1406 4087 1519 4138 eorum

472 4193 687 4286 sententiam,
714 4197 769 4292 qui
796 4200 921 4270 auctori
941 4199 1039 4271 istum
1062 4197 1202 4271 libellum
1228 4221 1377 4271 caussam
1403 4202 1518 4274 mortis

473 4333 638 4404 exstitisse
665 4346 792 4430 putent.
