3667 5425
791 733 1042 805 PRAEFATIO.
1402 761 1437 809 rx

403 907 546 985 sionem
582 905 753 1007 paravit,
804 907 932 1007 paullo
970 907 1194 983 certioribus
1231 918 1296 985 aut
1332 917 1438 987 oerte

401 1053 608 1129 mauratius
639 1049 771 1152 positis
795 1049 1054 1125 fundamentis
1080 1052 1279 1129 nitentem.
1330 1056 1439 1155 Quae

400 1196 525 1273 editio·
540 1197 610 1273 ubi
632 1196 802 1296 primum
826 1196 1011 1291 innotuit,
1042 1204 1128 1271 tum
1161 1197 1222 1272 rei
1253 1199 1438 1295 novitate,

399 1349 479 1419 tum
503 1340 667 1444 egregiis
684 1340 820 1417 Orellii
838 1340 987 1415 meritis
1010 1341 1067 1417 ita
1092 1341 1239 1418 animos
1263 1344 1442 1420 virorsnn

397 1489 598 1564 doetorum
618 1485 800 1577 advertit,
824 1491 868 1559 ut
886 1487 1099 1569 multorum·
1111 1487 1278 1563 oriretm
1301 1503 1440 1565 aemu-

396 1631 506 1726 latio,
538 1630 606 1729 qui
629 1630 730 1705 illius
755 1630 935 1728 exemplo
956 1629 1114 1705 excitati
1139 1631 1299 1729 eiusque
1320 1657 1439 1731 opera

396 1776 514 1851 adiuti
553 1799 626 1875 pro
660 1772 764 1850 virili
805 1781 916 1873 parte
948 1772 1141 1849 vellelum
1175 1776 1326 1851 mendis
1361 1776 1440 1851 siris

396 1943 561 2021 purgare
590 1919 799 1994 studerent.
850 1917 987 2015 Neque
1020 1942 1067 1993 ea
1098 1943 1163 1994 res
1189 1918 1437 1998 frustrabit.

398 2064 495 2140 Nam
528 2073 567 2139 et
596 2063 637 2138 in
663 2060 833 2137 censuris
859 2061 1038 2138 editionis
1064 2063 1298 2160 Orellianae,
1334 2065 1439 2141 etin

395 2207 653 2308 peculiaribus
678 2206 815 2280 libellis
834 2205 935 2282 intra
950 2207 1068 2282 breve
1087 2214 1238 2308 tempus
1264 2217 1324 2284 tot
1343 2234 1452 2325 pro-¹
1491 2242 1509 2293 ,·
1542 2160 1574 2205 s

395 2353 543 2451 positae
568 2359 657 2425 sunt
678 2349 844 2451 optimae
863 2352 1180 2450 acutissimaeque
1201 2354 1442 2430 emendatio,

394 2520 475 2591 nes,
502 2504 561 2588 ut,
588 2495 655 2594 qui
677 2495 726 2569 iis
751 2503 856 2571 reete
871 2502 1013 2591 utatur,
1039 2521 1223 2598 magnum
1237 2498 1439 2575 adiumen-
1541 2496 1543 2501 ’

394 2647 476 2716 tum
499 2640 645 2717 babeat
674 2641 725 2715 ad
749 2641 868 2717 verba
894 2640 1058 2718 auctoris
1087 2640 1273 2745 integrius
1298 2643 1442 2719 eonsti-

394 2786 553 2861 tuenda.
607 2788 711 2879 Quae
745 2809 809 2861 res
837 2794 881 2860 ut
914 2810 987 2886 per
1015 2809 1058 2859 se
1078 2787 1162 2884 ipsa
1186 2795 1226 2860 et
1248 2788 1373 2886 potuit
1399 2794 1442 2862 et

395 2915 527 3004 debuit
560 2928 728 3005 invitare
763 2930 812 3004 ad
845 2951 987 3005 novam
1024 2927 1190 3011 auctoris
1227 2929 1445 3008 editionem·

393 3074 627 3172 parandam,
652 3072 813 3171 inqua,
840 3072 1021 3172 quicquid
1045 3073 1133 3151 veri
1155 3074 1309 3176 ingenio
1333 3075 1440 3152 viro·

393 3243 484 3292 rum
517 3218 719 3293 doctorum
746 3240 885 3292 reeens
915 3228 1116 3317 repertum
1141 3225 1221 3312 est,
1255 3244 1325 3294 suo
1351 3219 1436 3296 1000

395 3362 661 3456 exhiberetur,
681 3361 736 3435 ita
752 3361 838 3455 alia,
860 3386 983 3459 eaque
1003 3361 1116 3463 longe
1133 3362 1287 3464 gravior
1306 3387 1438 3440 oarnsa

396 3507 573 3600 amessit,
607 3530 685 3605 qua
707 3504 862 3604 impulsi
885 3505 1104 3582 faciendum
1127 3507 1368 3606 putavimus,
1393 3516 1438 3584 ut

396 3649 498 3724 istud
513 3674 610 3750 opus
625 3651 938 3751 aggrederemur.
963 3652 1208 3751 Deplorando
1225 3652 1330 3728 enim
1349 3678 1439 3729 oasu

396 3794 546 3890 aooidit,
569 3795 804 3890 utOrellius,
827 3819 1062 3894 quamquam
1078 3795 1289 3895 evulgando
1301 3799 1441 3872 Amer-

395 3938 525 4013 bachii
550 3941 770 4042 apographo
794 3940 940 4040 optime
957 3939 1005 4013 de
1018 3939 1167 4014 Velleio
1183 3941 1356 4038 meritus,
1378 3950 1439 4019 ta·

394 4108 485 4158 men
509 4084 552 4157 in
575 4084 651 4160 hoe
675 4085 820 4184 ipsein
843 4084 1113 4185 gravissimum
1138 4110 1317 4162 errorem
1342 4088 1439 4163 inol-

397 4227 519 4323 deret,
548 4227 616 4325 qui
638 4255 716 4304 non
740 4229 864 4303 solum
887 4228 963 4327 ipsi
988 4230 1123 4324 obfirit,
1158 4231 1361 4328 quominus
1385 4232 1439 4327 id,

396 4374 500 4469 quod
515 4373 651 4467 vellet,
673 4373 786 4471 plane
812 4382 1094 4472 assequeretur,
1120 4376 1189 4449 sed
1206 4374 1323 4449 etiam
1341 4374 1439 4450 alios

394 4541 419 4592 a
443 4540 540 4594 vero
565 4517 772 4614 abstraxit,
800 4527 842 4593 ut
869 4518 979 4595 valde
1005 4518 1219 4594 timendum
1239 4526 1360 4615 esset,
1387 4545 1457 4595 ne.
