3667 5425
366 705 418 767 xn
594 700 979 801 rnen-ncommod.
1022 699 1109 767 cnr.
1129 701 1167 764 u.

346 852 404 949 ut
427 868 477 945 Μ.
502 868 595 945 Bruti
618 885 740 969 rogatu
765 872 888 947 inuiam
915 870 1064 945 familiam
1090 896 1110 944 a
1132 871 1236 966 stirpe
1263 867 1304 943 nd
1329 869 1414 943 banc
1466 892 1468 897 ·

330 966 351 1009 *⁵
367 1021 506 1081 aemtem
533 1006 644 1081 ordine
670 1011 896 1100 enumeravit,
925 1022 1041 1081 notans
1065 1009 1144 1105 qui,
1169 1029 1274 1102 aquo
1301 1006 1415 1097 ortus,

311 1153 321 1175 ⁸
367 1167 450 1241 quos
494 1143 633 1217 honores
672 1144 854 1240 quibusque
889 1142 1088 1240 temporibus
1120 1143 1277 1237 cepisset.
1338 1140 1413 1214 Pari

366 1279 462 1366 modo
481 1277 629 1353 Marcelli
658 1264 782 1387 Claudii
809 1277 1061 1370 Marcellorum,
1087 1276 1249 1374 Scipionis
1269 1275 1414 1351 Cornelii

365 1427 403 1487 et
436 1413 528 1487 Fabii
559 1412 698 1490 Maximi
728 1414 903 1489 Fabiorum
944 1428 980 1488 et
1010 1410 1224 1489 Aemiliorum
1258 1436 1412 1511 quoque,

368 1548 484 1648 quibus
508 1549 599 1624 libris
623 1549 702 1625 nibil
723 1564 833 1646 potest
857 1574 934 1624 esse
961 1548 1086 1624 dulcius
1113 1551 1170 1642 iis,
1197 1551 1251 1648 qui
1275 1549 1415 1647 aliquam

368 1685 575 1782 cupiditatem
602 1684 720 1791 babent
736 1687 870 1760 notitiae
888 1687 1049 1761 clarorum
1068 1687 1227 1759 virorum.
1243 1716 1256 1749 e
1292 1684 1360 1757 lam
1385 1687 1414 1759 si

328 1816 331 1821 ’
369 1822 578 1916 reputaveris
595 1835 794 1918 quantopere
811 1820 977 1913 Velleius,
1002 1822 1153 1917 neglecta
1172 1843 1283 1894 rerum
1304 1822 1413 1917 gravi·

370 1968 460 2048 tato,
484 1957 633 2053 personis
656 1958 834 2049 institerit,
859 1959 892 2030 in
912 1959 1018 2055 iisque
1043 1955 1246 2039 celebrandis
1263 1955 1326 2033 sibi
1347 1958 1414 2053 pla·

369 2106 443 2165 cent
469 2093 520 2187 (v.
539 2116 639 2189 supra
657 2116 692 2188 p.
711 2090 852 2185 XXVII
867 2095 964 2192 sq),
991 2094 1051 2166 vix
1076 2090 1238 2167 dubitabis
1260 2093 1339 2191 quin
1360 2093 1415 2167 isti

276 2314 279 2319 ¹
369 2224 474 2301 Attici
512 2228 586 2302 libri
615 2227 906 2339 commodissimam
933 2226 1119 2304 facultatem
1151 2229 1182 2301 ei
1207 2226 1417 2325 praebuerint

370 2363 441 2437 sinc
463 2366 596 2460 negotio
619 2387 830 2463 quaecunque
853 2363 916 2460 ipsi
937 2377 1116 2460 opportuna
1134 2364 1324 2439 viderentur
1342 2363 1415 2439 indo

369 2499 546 2573 mutuandi.
600 2496 775 2573 Praeterea
802 2524 846 2573 ex
870 2499 1038 2574 Hortensii
1056 2496 1237 2576 Asnaum
1263 2501 1417 2575 nonnulle

370 2659 443 2716 eum
473 2636 607 2732 petiisse
643 2636 806 2740 colligitur
841 2660 885 2709 ex
913 2660 978 2726 co,
1016 2635 1101 2733 quod
1126 2635 1179 2729 ll,
1207 2636 1280 2733 16,
1308 2636 1347 2709 3.
1376 2634 1416 2710 ad

370 2772 443 2878 eius
472 2774 691 2847 testimonium
723 2785 894 2869 provocat.
949 2771 999 2844 Dc
1032 2774 1178 2863 ceteris,
1212 2795 1295 2869 quos
1321 2771 1416 2848 modo

370 2909 562 3005 tetigimus,
600 2923 739 3004 excepto
766 2934 830 2981 uno
860 2907 1011 3000 Catone,
1048 2908 1173 2981 incerta
1201 2908 1331 3005 quidem
1361 2932 1416 2981 ros

370 3056 445 3133 est,
473 3044 545 3139 ipso
563 3056 715 3133 tacente,
744 3043 803 3116 sed
828 3057 937 3118 tamen
963 3042 1049 3116 baud
1070 3043 1178 3139 paullo
1204 3041 1415 3138 probabilior,

370 3200 466 3274 quam
497 3176 634 3250 ridicula
666 3176 796 3249 lirausii
827 3179 1011 3270 sententia,
1048 3179 1103 3274 qni
1138 3179 1279 3253 omniurn
1313 3203 1416 3276 paene

326 3343 331 3353 ·
371 3312 595 3386 historicorum
627 3325 661 3384 ct
686 3312 860 3387 latinorum
883 3327 917 3388 et
943 3337 1135 3408 graccorum
1161 3279 1315 3411 operibns
1343 3339 1417 3388 cum

370 3472 466 3521 usum
493 3471 567 3520 csse
594 3447 689 3538 vult,
726 3472 764 3519 nc
799 3448 886 3536 serio
918 3470 991 3521 eum
1021 3473 1080 3545 pro
1107 3450 1211 3544 altero
1237 3450 1337 3526 Livio
1361 3453 1417 3528 vel
1450 3541 1454 3552 Ι

371 3584 451 3656 odeo
478 3582 595 3656 Tacito
618 3582 788 3658 venditare
814 3607 879 3658 non
906 3582 1045 3659 dubitat.

472 3717 539 3793 Sed
561 3717 775 3808 Velleiusnt
800 3745 864 3794 non
892 3721 1012 3794 multos
1040 3721 1145 3793 fontes
1170 3719 1270 3809 adiit,
1306 3720 1352 3792 ita
1375 3744 1416 3792 ne

369 3881 517 3960 mcignom
550 3855 677 3954 quidem
709 3855 855 3930 adhibuit
889 3858 922 3929 in
957 3879 1069 3930 corum
1103 3879 1166 3929 usu
1200 3856 1416 3950 diligentiam,

371 3991 512 4063 diversis
537 3991 716 4064 rationibus
738 4017 803 4064 non
829 3992 910 4063 satis
936 3991 1113 4080 discretis,
1149 3990 1208 4063 sed
1234 3992 1417 4064 inconsulto

369 4126 536 4200 confusis·
583 4124 684 4198 Cuius
718 4127 768 4198 rei
803 4126 971 4221 singulare
999 4127 1182 4222 exemplum
1207 4127 1353 4200 cernitur
1384 4127 1417 4200 in

371 4237 549 4358 temporum
580 4262 634 4334 rol
668 4285 822 4336 annorum
858 4259 1157 4336 constituendorum
1186 4263 1337 4352 ratione,
1377 4261 1430 4334 de·

370 4421 432 4493 qua
460 4401 571 4491 pronois
599 4398 701 4471 adbuc
729 4397 820 4472 nobis
848 4397 1016 4472 dicundum
1046 4412 1111 4471 est.
1165 4396 1303 4470 bliriliee
1331 4397 1417 4470 enim

369 4531 517 4606 Velleius
545 4558 607 4606 tion
635 4537 738 4610 solunt
766 4536 932 4633 uuulgsri
955 4535 1163 4630 chronologia
1190 4533 1329 4620 recedit,
1357 4534 1416 4606 sed
