3667 5425
745 725 994 832 ranacario.
1202 826 1204 828 v
1346 753 1389 800 xv

345 897 441 971 simo
474 893 643 989 iuniores
677 895 822 972 discant
853 900 956 972 aliud
982 921 1068 972 esse
1094 898 1236 997 fingere
1261 899 1400 1001 etin-¹

345 1041 446 1142 genii
467 1042 593 1113 lusum
619 1063 823 1136 exercere,
847 1043 953 1117 aliud
974 1042 1178 1116 divinando
1204 1042 1257 1116 ita
1282 1045 1388 1144 setin

344 1183 537 1284 scriptoris
562 1193 733 1258 mentem
758 1185 972 1280 insinuare,
1000 1195 1053 1261 ,ut
1085 1186 1177 1282 quid
1203 1186 1267 1260 ille
1293 1189 1390 1263 scri·

342 1330 461 1428 pscrit
477 1354 557 1402 non
572 1329 693 1429 magis
710 1337 882 1423 extensa.
894 1337 1230 1407 monumentorum
1257 1339 1388 1408 aucto-

343 1475 455 1549 ritate
470 1497 587 1571 quam
600 1473 681 1571 ipsa
694 1473 867 1548 veritatis
880 1473 921 1548 vi
935 1482 1076 1572 pateat.
1102 1473 1243 1572 Quanti
1256 1484 1386 1553 autem

341 1618 486 1691 intersit
522 1616 763 1712 antiquarrnn
796 1617 1033 1712 litterarum,
1069 1618 1104 1690 si
1138 1619 1269 1713 utique
1293 1643 1385 1710 con-

341 1760 495 1834 iecturis
509 1784 615 1859 *opus
642 1768 699 1834 est
725 1760 772 1832 ad
795 1762 922 1835 ulcera
938 1761 1116 1854 sananda,
1141 1760 1385 1844 afactitanda

341 1905 469 1980 critica
502 1904 635 1978 abesse
673 1901 899 1978 effrenatam
933 1904 1102 1979 novandi
1134 1929 1178 1979 ac
1209 1907 1384 1981 mutandi

342 2049 560 2142 libidinem,
593 2055 792 2145 totumque
825 2047 900 2121 hoc
930 2048 1160 2122 emendandi
1185 2049 1383 2149 negotium

341 2216 361 2264 a
386 2191 538 2264 nemine
569 2191 730 2290 suscipi,
766 2192 837 2265 nisi
874 2192 941 2287 qui
965 2192 1045 2266 acri
1070 2191 1242 2287 ¹veritatis
1267 2216 1382 2279 sensu

340 2361 381 2410 ac
405 2335 536 2410 sobrio
562 2336 703 2409 iudicio
729 2336 924 2438 praeditus
949 2336 1013 2411 via
1037 2345 1076 2409 et
1100 2335 1247 2410 ratione
1268 2360 1385 2436 agere

339 2488 517 2577 rectaque
547 2480 701 2555 consilia
734 2480 843 2577 sequi
875 2480 1071 2572 didicerit,
1117 2480 1294 2579 exemplo
1327 2481 1379 2555 ol»

337 2624 609 2723 turpitudinem
633 2623 891 2707 memorabili⁸
908 2623 1072 2698 ostendit
1096 2623 1276 2719 Bothius,
1308 2650 1381 2706 no-

335 2771 510 2845 vissimus
535 2769 670 2843 Velleii
699 2793 778 2843 non
803 2766 948 2861 editor,
975 2768 1043 2841 sed
1068 2777 1285 2866 corruptor,
1313 2769 1381 2865 (pri

335 2921 440 2989 tanta
465 2913 771 2988 coniecturarum
795 2910 941 2985 insania
966 2911 1007 2984 in
1035 2910 1222 2985 miserum
1248 2919 1380 2987 arieto-

334 3080 418 3131 rem
443 3065 633 3159 grassatus
658 3064 734 3151 est,
763 3062 804 3130 ut
824 3054 1015 3150 Halmius,
1031 3123 1034 3130 .
1049 3056 1111 3129 vir
1137 3056 1378 3131 doctissimus

332 3210 370 3274 et
403 3201 766 3306 intelligentissimus
799 3200 1004 3274 latinarum
1040 3201 1256 3274 litterarum
1292 3200 1378 3289 exi·

332 3345 530 3439 stimator,
562 3345 603 3419 in
630 3368 789 3418 censura
814 3344 989 3420 editionis
1014 3343 1226 3419 Bothianae
1253 3343 1379 3427 veris·

333 3487 427 3562 sime
444 3488 601 3583 dixerit,
628 3496 754 3562 actum
780 3512 864 3563 esse
890 3488 948 3563 de·
963 3486 1207 3577 humanitatis
1228 3487 1376 3583 litteris,
1426 3529 1428 3538 «

332 3632 365 3703 si
386 3627 454 3706 alii
479 3632 573 3706 alios
599 3633 804 3731 scriptores
830 3640 981 3707 veteres
1005 3632 1091 3731 pari
1115 3631 1286 3706 amentia
1307 3656 1377 3712 va·

333 3775 516 3849 staverint
541 3785 654 3873 atque
669 3775 935 3851 laceraverint.
970 3775 1051 3850 Sed
1070 3775 1252 3847 nolumus
1268 3775 1377 3868 haec,

334 3943 428 4014 quae
449 3920 636 3993 honarum
653 3920 792 3994 artium
810 3942 944 3993 caussa
963 3918 1038 3993 dici
1057 3918 1264 4013 dehebant,
1281 3918 1378 3992 ube·

335 4061 411 4135 rius
444 4064 645 4161 persequi,
680 4087 915 4161 quamquam
947 4062 1006 4162 rei
1031 4063 1197 4165 gravitas
1216 4061 1378 4155 fortasse

333 4206 494 4301 postdet
519 4210 639 4285 multo
661 4210 794 4308 plura,
828 4230 926 4305 quae
951 4207 1027 4282 huc
1048 4206 1260 4307 pertinent,
1295 4205 1376 4279 dia-

333 4350 465 4447 putari.

431 4496 615 4569 Ceterrun
637 4502 780 4572 tantam
811 4496 1114 4571 coniecturarum
1143 4490 1374 4596 farraginem
