3667 5425
688 738 749 821 or'r
770 736 975 823 rutrum
998 758 1167 825 orsas.
1330 761 1449 861 'cxxc

402 928 444 1020 11,
469 926 535 1021 85,
549 929 589 1000 2.
627 926 669 1002 In
695 939 792 1000 terro
818 930 964 1000 lotorem
989 933 1177 1027 coercitum
1208 932 1340 1008 Taurus
1367 933 1447 1007 Coe-

399 1067 507 1157 soris,
537 1061 677 1137 Antoni
699 1062 1083 1162 regetotcomttts.
1137 1066 1181 1159 ll,
1202 1070 1265 1164 89,
1284 1072 1317 1140 l.
1354 1070 1447 1160 Quae

398 1200 660 1300 magnificentia
687 1199 928 1296 triumphorum
961 1203 1056 1294 etus,
1093 1226 1180 1300 quoe
1199 1204 1359 1297 fuerit
1380 1232 1446 1278 rreu-

398 1360 538 1428 aerom,
570 1336 674 1434 degne
697 1308 847 1433 empirici
868 1360 937 1409 ooo
956 1347 1086 1433 potest⁴
1133 1385 1146 1395 -

501 1470 572 1545 Sed
598 1472 676 1544 haee
701 1471 860 1544 sufficiant
886 1472 926 1544 ad
952 1473 1177 1570 errplicaudum
1200 1474 1253 1568 id,
1281 1477 1366 1571 quod
1389 1503 1444 1549 uo·

395 1608 446 1680 lois
473 1609 537 1680 luit
563 1609 783 1703 propositum,
811 1622 867 1697 ut,
903 1621 937 1680 et
963 1631 1045 1704 quae
1069 1623 1159 1681 esset
1184 1608 1375 1684 Velleiaoae
1400 1614 1444 1684 li-

396 1745 516 1817 ctiuuis
554 1740 730 1840 singularis
765 1745 848 1815 ratio
882 1757 980 1840 atque
1015 1743 1161 1834 indoles,
1193 1758 1226 1817 et
1260 1748 1444 1843 exquibus

396 1883 524 1973 caussis
554 1904 594 1952 ea
619 1880 795 1974 repetenda
819 1892 934 1971 esset,
961 1882 1090 1975 planum
1118 1880 1234 1974 lieret,
1262 1906 1299 1953 ac
1318 1885 1444 1957 'certius

398 2040 493 2114 quam
519 2029 597 2089 aute
623 2017 875 2111 perspiceretur.
932 2013 1026 2107 Quod
1054 1997 1245 2112 quamquam
1269 2019 1375 2115 aliqua
1401 2044 1445 2093 err

398 2166 492 2248 parte
517 2165 774 2269 assecutosoos
802 2175 991 2246 speremus,
1020 2166 1128 2224 tamen
1154 2154 1281 2224 minime
1309 2178 1368 2225 nos
1396 2158 1443 2226 lu·

396 2290 466 2384 git,
503 2313 574 2362 rem
607 2312 666 2360 uos
702 2289 812 2383 egisse
846 2282 1006 2360 difficilem
1032 2286 1265 2384 ambiguaeque
1291 2304 1441 2383 naturae,
1565 2334 1570 2342 -

394 2449 494 2523 quum
515 2424 603 2496 haud
622 2446 697 2496 raro
721 2425 878 2496 incertum
901 2425 958 2518 sit,
985 2438 1093 2496 utrum
1116 2420 1323 2519 improbanda
1345 2426 1443 2499 dictio

395 2576 451 2634 aut
477 2574 646 2634 structura
668 2559 708 2631 ab
730 2538 917 2655 imperfecta
943 2559 1086 2633 auctoris
1114 2574 1205 2652 arte,
1241 2584 1280 2633 ao
1308 2586 1327 2634 a
1353 2564 1442 2636 lesti-

362 2764 367 2772 .
395 2700 528 2771 uatiooc
553 2695 730 2793 repetenda
755 2696 811 2768 sit.
855 2690 908 2768 Ad
933 2694 994 2768 hoc
1017 2680 1158 2782 fortasse
1183 2697 1341 2794 quispiam
1366 2678 1442 2773 milri

401 2835 550 2925 obiiciat,
577 2832 663 2929 apud
685 2832 765 2904 alios
790 2855 920 2928 quoque
947 2834 1124 2928 scriptores
1152 2833 1263 2904 eadem
1290 2836 1368 2906 vitia
1391 2859 1442 2907 rc·
1496 2871 1500 2879 ·

394 2972 519 3067 periri,
552 2993 660 3066 oeque
687 2992 782 3058 esse,
819 2991 878 3040 cur
902 2957 1062 3068 Velleius
1082 2970 1124 3039 iis
1150 2935 1285 3041 laterior
1310 2993 1442 3056 censea-

393 3121 463 3180 tur.
504 3105 631 3198 Quibus
658 3118 696 3177 ut
720 3105 858 3176 alterum
883 3087 1112 3200 concedimus⁹
1140 3106 1186 3176 ita
1213 3128 1369 3201 negamus
1397 3108 1441 3179 al·

397 3258 518 3316 terum.
574 3227 642 3313 lloc
668 3241 757 3312 eoim'
779 3242 918 3313 interest
943 3241 1028 3311 iuter
1048 3239 1333 3340 Velleiumatque
1360 3245 1441 3314 alios
1543 3311 1545 3316 .

394 3382 599 3474 scriptores2
637 3375 722 3473 quod
754 3375 804 3447 hic
839 3377 1030 3471 saepissime
1060 3399 1079 3447 a
1104 3377 1249 3473 perlecta
1286 3379 1441 3450 orationis

396 3518 498 3588 forma
524 3513 677 3607 aberrat,
705 3503 750 3584 illi
776 3513 944 3584 rarissime
969 3513 1001 3583 iu
1027 3510 1059 3582 id
1085 3512 1249 3603 incidunt,
1279 3513 1363 3608 quod
1394 3515 1441 3585 vi·

396 3649 610 3747 tuperaudum
644 3650 701 3719 sit.
758 3645 888 3739 Quare,
911 3649 1001 3726 licet
1027 3649 1059 3718 io
1086 3648 1228 3746 singulis¹
1252 3649 1322 3719 aliis
1349 3649 1443 3753 alitor

394 3787 568 3876 videatur,
606 3784 667 3856 hoc
693 3796 801 3855 tamen
827 3796 951 3855 certum
981 3795 1056 3869 est,
1092 3783 1308 3877 elegantiam,
1347 3804 1442 3877 quam

396 3926 522 4019 priores
558 3920 699 3992 editores
734 3943 844 4010 omues
879 3920 911 3990 io
940 3942 979 3989 co
1009 3916 1140 3989 laudare
1175 3914 1239 3990 noir
1275 3916 1440 3989 dubitave-
1510 3973 1512 3980 .

396 4073 494 4149 runt,
525 4059 554 4128 ei
583 4053 680 4128 tribui
703 4080 766 4127 uon
784 4078 905 4151 posse,
932 4056 1182 4151 innumerosque
1203 4053 1316 4148 locos,
1343 4077 1439 4150 quos,

397 4197 471 4291 quia
507 4217 570 4266 noo
606 4189 773 4287 elegantes
808 4187 943 4284 esseut,
981 4191 1082 4263 critici
1115 4214 1174 4285 pro
1198 4173 1359 4283 corruptis
1386 4188 1440 4258 ha·
1522 4213 1528 4220 ·

397 4330 560 4424 luerunt,
594 4328 650 4400 vel
683 4328 776 4423 plane
814 4330 960 4422 integros
994 4350 1095 4421 esse,
1141 4327 1195 4398 vel
1231 4326 1293 4396 alio
1329 4322 1438 4417 modo,

397 4480 493 4563 atque
519 4467 563 4538 illi
593 4467 758 4559 lecerunt,
786 4463 959 4537 sanandos.

778 4647 1061 4664 a*
