3667 5425
633 802 654 821 „
689 747 750 815 DE
772 745 975 815 vutuutt
998 741 1168 815 oruutt.
1308 749 1449 818 xxxtu

400 919 442 992 nd
471 917 626 1009 Caesaris
652 919 880 992 interfectores
912 920 1140 1017 pertinebant,
1175 938 1320 1018 'quaeque
1345 923 1447 994 variis

400 1057 432 1128 iu
462 1055 644 1150 provinciis
676 1053 715 1128 alr
751 1056 792 1128 iis
818 1069 891 1130 acta
918 1071 1034 1149 eraut,
1068 1078 1132 1132 nou
1155 1059 1249 1154 'prius
1274 1064 1445 1147 memorat,

398 1214 494 1289 quan
521 1189 578 1264 ulti
599 1190 641 1263 ad
666 1190 758 1265 Bruti
781 1205 879 1290 atque
893 1204 894 1209 ’
907 1191 1016 1270 Cassii
1042 1217 1097 1266 rcs
1119 1187 1285 1267 extremus
1310 1193 1355 1284 ll,
1378 1195 1446 1284 ὅθι

396 1327 564 1424 pervenit.
620 1325 713 1419 Quae
738 1327 916 1403 desultoria
936 1320 1020 1404 ratic
1045 1328 1234 1427 quumiaru
1259 1352 1319 1426 per
1342 1353 1379 1402 se
1404 1318 1457 1410 alr
1571 1387 1574 1400 .

398 1461 560 1562 aequabili
586 1475 621 1534 et
645 1463 771 1559 placida
795 1487 904 1553 rarum
930 1468 1116 1539 narratione
1135 1465 1233 1558 absit,
1262 1461 1445 1545 tanaceti
1473 1502 1476 1513 ·
1521 1450 1533 1458 l

396 1615 451 1674 est
481 1601 581 1673 etiam
615 1621 741 1695 summa
773 1599 1005 1707 festinatione,
1044 1613 1117 1698 qua'
1138 1603 1281 1697 agitatus
1313 1606 1450 1690 auctor,

395 1759 481 1834 quac
517 1733 638 1808 oblitus
672 1749 763 1827 erat,
780 1735 899 1847 ¹alieno
932 1735 1005 1809 loco
1031 1738 1151 1810 iulerre
1178 1761 1241 1810 ucu
1269 1733 1464 1811 dubitavit.''

395 1872 451 1945 Ex
487 1859 553 1969 quo
586 1894 709 1967 genere
735 1883 789 1980 cst
810 1871 900 1968 pund
926 1873 965 1945 de
991 1871 1105 1946 Coelii·
1124 1887 1158 1946 et
1182 1872 1314 1948 Milonis
1339 1871 1442 1946 turbis

395 2023 495 2104 atque
521 2008 615 2089 exitu
639 2006 684 2103 ss,
710 2008 773 2079 68.
802 2005 921 2100 habet,
947 2010 1017 2106 ipse
1043 2009 1234 2105 professus,
1261 2027 1322 2083 suc
1349 2033 1441 2105 prae-

397 2145 529 2217 teritum
553 2144 627 2215 loco
654 2167 691 2215 sc
717 2142 769 2215 hic
795 2144 929 2218 inlerre.
976 2125 1206 2242 *Tamlparum
1230 2125 1331 2241 igitur
1355 2130 1441 2218 iusto
1471 2173 1490 2254 '„

392 2303 504 2354 rerum
523 2279 629 2355 ordini
655 2279 841 2371 consuluit,
858 2292 897 2353 ut
920 2282 1025 2376 magis
1047 2272 1189 2379 quaein
1215 2281 1314 2362 celeri
1336 2294 1440 2354 traus-
1497 2381 1501 2389 s

392 2440 494 2491 eursu
521 2417 593 2513 ipsi¹
608 2439 645 2487 sc
674 2416 852 2508 offerrent,
880 2417 1063 2513 arriperet,
1090 2441 1185 2518 quau
1213 2440 1365 2491 severum
1388 2441 1440 2490 re·

394 2576 464 2626 ruur
491 2553 645 2652 grauituu
671 2550 831 2626 delectum
853 2553 1053 2627 institueret.
1090 2553 1312 2627 Festinaticue
1331 2566 1440 2629 autem
1496 2546 1501 2555 ’

395 2703 591 2777 trutannus
618 2701 705 2780 cst,
728 2700 765 2762 ut
792 2687 831 2762 de
858 2690 1072 2773 retractandis
1099 2684 1196 2789 atque
1222 2691 1438 2787 expoliendis,

376 2848 478 2922 ,quae
510 2825 718 2921 scripserat,
757 2826 902 2921 cogitare
946 2850 1009 2899 nou
1042 2828 1177 2921 posset,
1220 2827 1279 2898 sed
1314 2827 1438 2915 iniis,

396 2986 475 3059 quac
501 2957 627 3033 calamo
652 2960 866 3056 exciderant,
903 2967 1150 3059 acquiesceret,
1187 2963 1267 3036 satis
1301 2960 1438 3052 habeus,

396 3099 423 3170 si
454 3098 599 3172 narratio
632 3096 770 3194 quodam
805 3097 933 3193 vigoris
967 3099 1039 3184 sive
1071 3098 1241 3195 splendore
1269 3100 1341 3171 siva
1366 3097 1438 3172 lucc

396 3236 559 3310 numu„-
582 3230 685 3306 Cuius
720 3234 794 3305 vitii
820 3232 1054 3308 observatione
1086 3259 1277 3333 quamquam
1303 3235 1438 3314 multum
1544 3217 1546 3221 Α

396 3370 578 3456 ἁιῐιιΙιὶῌι
597 3369 728 3473 vulgari
754 3370 896 3465 opinioni
923 3370 962 3442 de
990 3372 1108 3468 insigni
1123 3369 1245 3447 Velleii
1270 3385 1361 3459 arte,
1389 3369 1436 3442 tal.

396 3529 464 3580 utcu
497 3477 637 3603 quiris,
673 3527 767 3612 rera-
798 3493 957 3600 speciosis
1002 3509 1216 3602 praeferens,
1243 3482 1448 3601 intelliget,
1491 3521 1493 3528 ’

398 3657 544 3738 quautuur
570 3641 659 3732 iusta
690 3639 786 3712 huius
813 3642 864 3713 rei
889 3642 1086 3730 existimatio
1116 3644 1233 3715 valeat
1250 3643 1291 3715 ad
1314 3656 1437 3745 rectam

397 3778 427 3860 iu
445 3775 646 3852 emendando
664 3772 794 3862 Velleio
819 3777 905 3849 riam
931 3777 1224 3873 incundamatque
1244 3776 1434 3859 tenendam.
1549 3777 1552 3781 “

398 3910 495 4003 Quam
520 3894 620 4008 saepe
646 3913 733 3994 cuim
758 3913 883 4008 priores
908 3911 1052 3985 editores
1079 3937 1134 3999 co,
1151 3886 1250 4011 'quod
1263 3909 1351 3990 nihil
1371 3934 1436 3986 uou
1481 3926 1491 4010 ζ

399 4051 563 4146 egregium
588 4072 608 4121 a
630 4046 763 4122 Velleio
788 4017 976 4144 proiectum]
998 4074 1074 4123 esse
1100 4050 1162 4123 sibi
1188 4063 1435 4146 persuaserant,

400 4206 514 4257 arerc
539 4183 680 4257 videndo
707 4182 861 4282 abstracti
888 4185 1033 4278 luerint,
1067 4201 1104 4260 ut
1138 4212 1202 4261 nou
1234 4187 1339 4259 solum
1361 4207 1435 4256 cor·

399 4334 487 4415 rupta
507 4319 591 4394 male
608 4332 776 4411 sanarent,
805 4320 869 4416 sed·
882 4322 979 4427 etiam
996 4323 1123 4417 integra
1140 4311 1387 4416 corrumperent
1403 4335 1437 4394 et
1455 4421 1457 4430 Α

400 4453 500 4551 inepte
522 4468 703 4549 tentarent,
729 4479 774 4528 ex
796 4440 919 4553 quovis
935 4458 1003 4529 lere
1031 4458 1135 4551 capite
1162 4458 1372 4553 perspicitur,
1400 4472 1437 4538 ut

399 4588 443 4662 lic
464 4593 623 4688 exemplis
644 4592 816 4673 efferendis
837 4592 1002 4666 commode
1021 4593 1236 4689 supersedere
1251 4596 1431 4692 possimus.
1451 4612 1456 4622 ·
