3667 5425
468 728 524 778 ιη
859 702 1109 773 PRAEFATIO.

347 928 351 940 ·
411 922 414 927 ·
467 876 699 981 eongessisse
729 899 800 976 per
831 898 873 950 se
905 900 969 951 res
997 885 1058 951 est
1081 884 1164 950 tam
1189 873 1349 976 exiguae
1373 874 1511 972 laudis,

467 1031 528 1119 ut,
560 1021 635 1095 nisi
668 1019 770 1094 aliud
805 1027 1005 1121 praeterea
1037 1022 1085 1095 ab
1111 1019 1261 1094 editore
1286 1020 1513 1118 praestitum

467 1166 605 1260 fuerit,
639 1187 686 1239 eo
717 1186 856 1262 parum
888 1165 940 1240 ad
972 1164 1254 1240 emendandum
1282 1163 1513 1262 scriptorem

466 1309 702 1411 prolicietur.
734 1307 834 1384 Nam
857 1332 979 1407 quum
1001 1316 1105 1383 tante
1126 1307 1321 1410 congeries
1338 1330 1515 1382 eommo-

468 1453 624 1528 dissime
656 1451 856 1551 palearum
882 1477 1022 1529 acervo
1052 1451 1269 1551 comparari
1293 1451 1431 1550 possit,
1469 1450 1513 1524 in

414 1613 416 1617 ’
469 1623 546 1697 quo
579 1597 680 1671 lrona
706 1597 863 1694 quidem
887 1621 1004 1699 grana
1026 1596 1164 1692 insint,
1197 1596 1265 1671 sed
1290 1618 1360 1694 per
1385 1603 1515 1671 totum

470 1743 642 1841 dispersa
666 1747 707 1814 et
732 1742 951 1836 recondita,
979 1765 1079 1840 quae
1104 1741 1178 1815 nisi
1197 1739 1366 1815 disiectis
1391 1738 1514 1838 paleis

470 1884 597 1986 oolligi
621 1891 827 1981 nequeant,
851 1882 965 2001 iaeile
981 1894 1086 1986 patet
1100 1884 1279 1979 similem,
1304 1885 1371 1959 sed
1388 1884 1514 1961 multo

471 2027 726 2105 diffieiliorem
758 2050 803 2102 ae
832 2028 1093 2105 molestiorem
1121 2030 1297 2105 laborem
1327 2027 1365 2102 ei
1392 2028 1515 2103 ernei-

469 2173 655 2274 piendum
685 2193 789 2266 esse,
829 2172 919 2270 qui,
961 2172 1144 2272 quinpuid
1177 2171 1218 2248 in
1252 2180 1307 2248 tot
1338 2170 1515 2248 virorum

469 2318 670 2395 doetorum
692 2315 871 2415 perieulis
891 2318 976 2393 sani
1000 2326 1116 2417 atque
1137 2316 1222 2394 reri
1238 2317 1347 2412 inest,
1374 2339 1513 2391 eruere

469 2470 512 2537 et
535 2460 577 2535 iu
600 2484 714 2535 sunm
738 2462 867 2536 loerrm
891 2461 1093 2537 restituere
1114 2461 1218 2538 velit.
1266 2460 1312 2534 In
1331 2486 1410 2559 quo
1436 2460 1513 2536 duo

468 2605 555 2706 pari
587 2602 781 2704 diligentia
814 2605 946 2680 enveri
979 2604 1138 2696 debent3
1172 2628 1264 2679 nam
1293 2612 1338 2678 ut
1360 2604 1514 2681 vitanda

469 2758 528 2828 eet
553 2748 770 2851 eorrigendi
796 2750 989 2826 temeritas
1014 2772 1169 2844 eorum,
1202 2749 1270 2847 qui
1292 2749 1356 2825 vel
1376 2748 1514 2825 leviter

469 2902 649 2994 eorrupta
673 2895 737 2969 vel
762 2894 874 2991 plane
899 2893 1049 2996 integra
1073 2891 1275 3010 levissimis
1299 2893 1349 2967 de
1374 2893 1514 2969 oamsis

329 3027 332 3032 ’
468 3061 626 3138 prorsus
664 3036 933 3131 immutarunt,
975 3036 1030 3112 ita
1068 3063 1147 3114 non
1177 3036 1361 3113 imitanda
1399 3059 1514 3113 eoeoa

470 3181 635 3259 aliorum
660 3179 897 3279 superstitio,
931 3180 999 3279 qui
1018 3180 1061 3256 in
1084 3182 1226 3282 apertis
1250 3180 1352 3259 vitiis
1378 3179 1516 3256 defen·

468 3323 603 3401 dendis
627 3322 803 3399 inutilem
833 3347 994 3424 operam
1019 3332 1349 3426 consumpserunt.
1394 3327 1514 3401 Utro·

467 3468 695 3569 quemodo
727 3466 947 3568 saepissime
979 3479 1184 3571 peeoaruut
1216 3470 1405 3565 editores,
1443 3470 1513 3544 sed

466 3613 533 3688 illo
558 3611 720 3712 saepius.
761 3611 879 3688 Cuius
902 3611 974 3688 rei'
987 3615 1086 3690 hano
1110 3639 1282 3691 caussam
1305 3614 1423 3689 fuisse
1445 3637 1513 3689 re-

466 3756 649 3858 perimus,
668 3757 779 3856 quod
801 3757 930 3834 nullus
953 3758 1039 3857 fuit,
1075 3759 1143 3858 qui
1164 3767 1309 3835 eertum
1333 3781 1512 3834 normam

467 3907 666 3998 eertasque
696 3902 821 4002 leges,
855 3926 907 3976 ex
941 3902 1024 4002 ipsa
1056 3903 1253 4002 scriptoris
1275 3901 1512 4002 proprietate

467 4042 617 4138 duetus,
661 4051 907 4141 sequeretur,
945 4054 1011 4121 eut
1044 4047 1211 4145 aliquam
1244 4046 1513 4122 nenessitatem

467 4185 698 4264 emendandi
731 4195 935 4287 spectaret3
972 4191 1040 4265 sed
1066 4214 1200 4266 omnes
1225 4191 1377 4293 egregie
1401 4190 1513 4266 eriti-

467 4355 533 4405 eos
557 4332 678 4435 egisse
705 4332 880 4409 arbitrati
905 4343 1007 4431 sunt,
1031 4335 1065 4409 si
1088 4335 1232 4434 aliquid
1251 4334 1512 4432 coniecissent,

468 4474 573 4572 quod
593 4476 712 4554 letine
737 4477 811 4554 diei
831 4487 971 4580 posset,
997 4504 1077 4557 non
1096 4488 1284 4577 ornantes,
1309 4502 1404 4555 num
1418 4479 1513 4556 Vol·
