<?xml version="1.0" encoding="UTF-8"?>
<!DOCTYPE html PUBLIC "-//W3C//DTD XHTML 1.0 Transitional//EN"
    "http://www.w3.org/TR/xhtml1/DTD/xhtml1-transitional.dtd">
<html xmlns="http://www.w3.org/1999/xhtml" xml:lang="en" lang="en">
 <head>
  <title>
</title>
<meta http-equiv="Content-Type" content="text/html;charset=utf-8" />
  <meta name='ocr-system' content='tesseract 3.04.00' />
  <meta name='ocr-capabilities' content='ocr_page ocr_carea ocr_par ocr_line ocrx_word'/>
</head>
<body>
  <div class='ocr_page' id='page_1' title='image "./mvelleipatercul01pategoog/mvelleipatercul01pategoog_0030.png"; bbox 0 0 3667 5425; ppageno 0'>
   <div class='ocr_carea' id='block_1_1' title="bbox 421 742 1348 826">
    <p class='ocr_par' dir='ltr' id='par_1_1' title="bbox 421 742 1348 826">
     <span class='ocr_line' id='line_1_1' title="bbox 421 742 1348 826; baseline -0.014 -2"><span class='ocrx_word' id='word_1_1' title='bbox 421 760 460 826; x_wconf 87' lang='lat' dir='ltr'><strong>tu</strong></span> <span class='ocrx_word' id='word_1_2' title='bbox 659 754 1044 820; x_wconf 75' lang='lat' dir='ltr'><strong>Pectuoommuu.</strong></span> <span class='ocrx_word' id='word_1_3' title='bbox 1088 751 1175 816; x_wconf 78' lang='lat' dir='ltr'><strong>CAP.</strong></span> <span class='ocrx_word' id='word_1_4' title='bbox 1198 752 1221 812; x_wconf 86' lang='lat'><strong>1.</strong></span> <span class='ocrx_word' id='word_1_5' title='bbox 1283 788 1286 792; x_wconf 27' lang='grc' dir='ltr'><strong><em>ι</em></strong></span> <span class='ocrx_word' id='word_1_6' title='bbox 1343 742 1348 750; x_wconf 83' lang='grc'>’</span> 
     </span>
    </p>
   </div>
   <div class='ocr_carea' id='block_1_2' title="bbox 422 919 1467 1159">
    <p class='ocr_par' dir='ltr' id='par_1_2' title="bbox 422 919 1467 1159">
     <span class='ocr_line' id='line_1_2' title="bbox 424 919 1465 1022; baseline -0.012 -19"><span class='ocrx_word' id='word_1_7' title='bbox 424 926 586 1004; x_wconf 89' lang='lat' dir='ltr'><strong>Velleium</strong></span> <span class='ocrx_word' id='word_1_8' title='bbox 612 927 744 1020; x_wconf 88' lang='lat' dir='ltr'><strong>expleto</strong></span> <span class='ocrx_word' id='word_1_9' title='bbox 780 950 863 998; x_wconf 91' lang='lat' dir='ltr'><strong>anno</strong></span> <span class='ocrx_word' id='word_1_10' title='bbox 898 935 1020 1022; x_wconf 79' lang='lat' dir='ltr'><strong>quarto</strong></span> <span class='ocrx_word' id='word_1_11' title='bbox 1053 934 1090 994; x_wconf 89' lang='lat' dir='ltr'><strong>et</strong></span> <span class='ocrx_word' id='word_1_12' title='bbox 1112 922 1273 993; x_wconf 81' lang='lat' dir='ltr'><strong>oe‘caerino</strong></span> <span class='ocrx_word' id='word_1_13' title='bbox 1300 919 1340 991; x_wconf 88' lang='lat' dir='ltr'><strong>ad</strong></span> <span class='ocrx_word' id='word_1_14' title='bbox 1366 943 1465 1016; x_wconf 89' lang='lat' dir='ltr'><strong>quac·</strong></span> 
     </span>
     <span class='ocr_line' id='line_1_3' title="bbox 422 1058 1467 1159; baseline -0.012 -19"><span class='ocrx_word' id='word_1_15' title='bbox 422 1078 545 1139; x_wconf 78' lang='lat' dir='ltr'><strong>staram</strong></span> <span class='ocrx_word' id='word_1_16' title='bbox 575 1061 745 1159; x_wconf 86' lang='lat' dir='ltr'><strong>petendam</strong></span> <span class='ocrx_word' id='word_1_17' title='bbox 771 1061 903 1135; x_wconf 85' lang='lat' dir='ltr'>Romam</span> <span class='ocrx_word' id='word_1_18' title='bbox 929 1062 1084 1149; x_wconf 87' lang='lat' dir='ltr'><strong>venisse,</strong></span> <span class='ocrx_word' id='word_1_19' title='bbox 1112 1073 1223 1153; x_wconf 88' lang='lat' dir='ltr'><strong>aperte</strong></span> <span class='ocrx_word' id='word_1_20' title='bbox 1251 1058 1330 1129; x_wconf 82' lang='lat' dir='ltr'><strong>salsa</strong></span> <span class='ocrx_word' id='word_1_21' title='bbox 1354 1071 1406 1128; x_wconf 91' lang='lat' dir='ltr'><strong>est</strong></span> <span class='ocrx_word' id='word_1_22' title='bbox 1432 1069 1467 1127; x_wconf 86' lang='lat' dir='ltr'><strong>et</strong></span> 
     </span>
    </p>
   </div>
   <div class='ocr_carea' id='block_1_3' title="bbox 385 1178 1519 1303">
    <p class='ocr_par' dir='ltr' id='par_1_3' title="bbox 385 1178 1519 1303">
     <span class='ocr_line' id='line_1_4' title="bbox 385 1178 1519 1303; baseline -0.011 -30"><span class='ocrx_word' id='word_1_23' title='bbox 385 1178 388 1187; x_wconf 33' lang='lat'><em>⁶</em></span> <span class='ocrx_word' id='word_1_24' title='bbox 424 1225 471 1303; x_wconf 82' lang='lat' dir='ltr'><strong>ert¹</strong></span> <span class='ocrx_word' id='word_1_25' title='bbox 483 1199 611 1271; x_wconf 85' lang='lat' dir='ltr'><strong>libidine</strong></span> <span class='ocrx_word' id='word_1_26' title='bbox 632 1200 790 1292; x_wconf 84' lang='lat' dir='ltr'><strong>proiecta.</strong></span> <span class='ocrx_word' id='word_1_27' title='bbox 833 1195 960 1294; x_wconf 86' lang='lat' dir='ltr'>Siquis</span> <span class='ocrx_word' id='word_1_28' title='bbox 978 1219 1059 1268; x_wconf 90' lang='lat' dir='ltr'><strong>vero</strong></span> <span class='ocrx_word' id='word_1_29' title='bbox 1084 1206 1178 1290; x_wconf 91' lang='lat' dir='ltr'><strong>putet</strong></span> <span class='ocrx_word' id='word_1_30' title='bbox 1203 1219 1286 1266; x_wconf 89' lang='lat' dir='ltr'><strong>anno</strong></span> <span class='ocrx_word' id='word_1_31' title='bbox 1308 1194 1465 1264; x_wconf 85' lang='lat' dir='ltr'><strong>vicesimo</strong></span> <span class='ocrx_word' id='word_1_32' title='bbox 1510 1264 1519 1274; x_wconf 62' lang='grc'><strong>,</strong></span> 
     </span>
    </p>
   </div>
   <div class='ocr_carea' id='block_1_4' title="bbox 313 1329 1502 2658">
    <p class='ocr_par' dir='ltr' id='par_1_4' title="bbox 313 1329 1502 2658">
     <span class='ocr_line' id='line_1_5' title="bbox 425 1329 1466 1430; baseline -0.01 -21"><span class='ocrx_word' id='word_1_33' title='bbox 425 1350 460 1409; x_wconf 90' lang='lat' dir='ltr'><strong>ct</strong></span> <span class='ocrx_word' id='word_1_34' title='bbox 484 1336 622 1429; x_wconf 90' lang='lat' dir='ltr'><strong>septimo</strong></span> <span class='ocrx_word' id='word_1_35' title='bbox 649 1332 852 1430; x_wconf 84' lang='lat' dir='ltr'><strong>designatum</strong></span> <span class='ocrx_word' id='word_1_36' title='bbox 878 1335 979 1405; x_wconf 81' lang='lat' dir='ltr'><strong>inisse</strong></span> <span class='ocrx_word' id='word_1_37' title='bbox 1005 1331 1195 1420; x_wconf 83' lang='lat' dir='ltr'><strong>Velleium,·</strong></span> <span class='ocrx_word' id='word_1_38' title='bbox 1213 1331 1288 1426; x_wconf 90' lang='lat' dir='ltr'><strong>quia</strong></span> <span class='ocrx_word' id='word_1_39' title='bbox 1313 1329 1387 1424; x_wconf 84' lang='lat' dir='ltr'><strong>lege</strong></span> <span class='ocrx_word' id='word_1_40' title='bbox 1410 1353 1466 1400; x_wconf 91' lang='lat' dir='ltr'><strong>an·</strong></span> 
     </span>
     <span class='ocr_line' id='line_1_6' title="bbox 342 1454 1464 1574; baseline -0.008 -30"><span class='ocrx_word' id='word_1_41' title='bbox 342 1567 344 1574; x_wconf 26' lang='grc' dir='ltr'>Ι</span> <span class='ocrx_word' id='word_1_42' title='bbox 424 1454 489 1544; x_wconf 78' lang='lat' dir='ltr'><strong>iili</strong></span> <span class='ocrx_word' id='word_1_43' title='bbox 514 1470 616 1546; x_wconf 85' lang='lat' dir='ltr'><strong>Viuia</strong></span> <span class='ocrx_word' id='word_1_44' title='bbox 650 1470 677 1542; x_wconf 93' lang='lat' dir='ltr'><strong>is</strong></span> <span class='ocrx_word' id='word_1_45' title='bbox 709 1493 812 1571; x_wconf 82' lang='lat' dir='ltr'><strong>annus</strong></span> <span class='ocrx_word' id='word_1_46' title='bbox 842 1483 1037 1566; x_wconf 79' lang='lat' dir='ltr'><strong>quaesturae</strong></span> <span class='ocrx_word' id='word_1_47' title='bbox 1064 1468 1262 1567; x_wconf 84' lang='lat' dir='ltr'><strong>constiurtus</strong></span> <span class='ocrx_word' id='word_1_48' title='bbox 1289 1467 1386 1538; x_wconf 81' lang='lat' dir='ltr'><strong>fuerit</strong></span> <span class='ocrx_word' id='word_1_49' title='bbox 1413 1466 1464 1557; x_wconf 93' lang='lat' dir='ltr'><strong>(v.</strong></span> 
     </span>
     <span class='ocr_line' id='line_1_7' title="bbox 427 1601 1467 1701; baseline -0.008 -20"><span class='ocrx_word' id='word_1_50' title='bbox 427 1604 585 1681; x_wconf 80' lang='lat' dir='ltr'><strong>Crenaeri</strong></span> <span class='ocrx_word' id='word_1_51' title='bbox 600 1603 737 1701; x_wconf 87' lang='lat' dir='ltr'><strong>Antiqq.</strong></span> <span class='ocrx_word' id='word_1_52' title='bbox 756 1604 852 1679; x_wconf 82' lang='lat' dir='ltr'><strong>Rom.</strong></span> <span class='ocrx_word' id='word_1_53' title='bbox 877 1606 910 1699; x_wconf 63' lang='grc' dir='ltr'><strong>ἕ.</strong></span> <span class='ocrx_word' id='word_1_54' title='bbox 932 1607 1018 1678; x_wconf 84' lang='grc'><strong>130.</strong></span> <span class='ocrx_word' id='word_1_55' title='bbox 1036 1631 1071 1701; x_wconf 88' lang='lat' dir='ltr'><strong>p.</strong></span> <span class='ocrx_word' id='word_1_56' title='bbox 1095 1604 1182 1676; x_wconf 88' lang='grc'><strong>173.</strong></span> <span class='ocrx_word' id='word_1_57' title='bbox 1200 1603 1254 1675; x_wconf 86' lang='lat' dir='ltr'><strong>ed.</strong></span> <span class='ocrx_word' id='word_1_58' title='bbox 1270 1603 1313 1675; x_wconf 91' lang='grc' dir='ltr'><strong>Π.</strong></span> <span class='ocrx_word' id='word_1_59' title='bbox 1355 1601 1467 1674; x_wconf 88' lang='lat' dir='ltr'><strong>Fussii</strong></span> 
     </span>
     <span class='ocr_line' id='line_1_8' title="bbox 426 1717 1468 1840; baseline -0.007 -23"><span class='ocrx_word' id='word_1_60' title='bbox 426 1738 562 1840; x_wconf 86' lang='lat' dir='ltr'><strong>Antiqq.</strong></span> <span class='ocrx_word' id='word_1_61' title='bbox 588 1743 683 1815; x_wconf 80' lang='lat' dir='ltr'><strong>Rom.</strong></span> <span class='ocrx_word' id='word_1_62' title='bbox 702 1727 735 1836; x_wconf 57' lang='lat' dir='ltr'><strong>§ſs</strong></span> <span class='ocrx_word' id='word_1_63' title='bbox 757 1744 843 1814; x_wconf 79' lang='lat'><strong>184.</strong></span> <span class='ocrx_word' id='word_1_64' title='bbox 869 1767 904 1837; x_wconf 89' lang='lat' dir='ltr'><strong>p.</strong></span> <span class='ocrx_word' id='word_1_65' title='bbox 926 1745 1054 1838; x_wconf 73' lang='lat' dir='ltr'><strong>too),</strong></span> <span class='ocrx_word' id='word_1_66' title='bbox 1082 1731 1163 1814; x_wconf 84' lang='lat' dir='ltr'><strong>vcra</strong></span> <span class='ocrx_word' id='word_1_67' title='bbox 1188 1755 1279 1814; x_wconf 90' lang='lat' dir='ltr'><strong>essct</strong></span> <span class='ocrx_word' id='word_1_68' title='bbox 1305 1741 1369 1812; x_wconf 88' lang='lat' dir='ltr'><strong>ista</strong></span> <span class='ocrx_word' id='word_1_69' title='bbox 1394 1717 1468 1810; x_wconf 85' lang='lat' dir='ltr'><strong>scn-</strong></span> 
     </span>
     <span class='ocr_line' id='line_1_9' title="bbox 428 1874 1470 1974; baseline -0.002 -25"><span class='ocrx_word' id='word_1_70' title='bbox 428 1877 550 1966; x_wconf 86' lang='lat' dir='ltr'><strong>tcntia,</strong></span> <span class='ocrx_word' id='word_1_71' title='bbox 587 1877 616 1947; x_wconf 87' lang='lat' dir='ltr'><strong>si</strong></span> <span class='ocrx_word' id='word_1_72' title='bbox 643 1877 736 1949; x_wconf 90' lang='lat' dir='ltr'><strong>modo</strong></span> <span class='ocrx_word' id='word_1_73' title='bbox 760 1892 926 1950; x_wconf 86' lang='lat' dir='ltr'><strong>constaret</strong></span> <span class='ocrx_word' id='word_1_74' title='bbox 952 1881 1006 1951; x_wconf 86' lang='lat' dir='ltr'><strong>ilio</strong></span> <span class='ocrx_word' id='word_1_75' title='bbox 1035 1894 1180 1974; x_wconf 92' lang='lat' dir='ltr'><strong>tempore</strong></span> <span class='ocrx_word' id='word_1_76' title='bbox 1206 1878 1314 1973; x_wconf 84' lang='lat' dir='ltr'><strong>legem</strong></span> <span class='ocrx_word' id='word_1_77' title='bbox 1337 1874 1470 1950; x_wconf 86' lang='lat' dir='ltr'><strong>Viliiam</strong></span> 
     </span>
     <span class='ocr_line' id='line_1_10' title="bbox 429 1992 1470 2107; baseline 0 -24"><span class='ocrx_word' id='word_1_78' title='bbox 429 2009 532 2084; x_wconf 87' lang='lat' dir='ltr'><strong>adhuc</strong></span> <span class='ocrx_word' id='word_1_79' title='bbox 561 2011 721 2085; x_wconf 90' lang='lat' dir='ltr'><strong>valuisse.</strong></span> <span class='ocrx_word' id='word_1_80' title='bbox 790 2011 857 2086; x_wconf 87' lang='lat' dir='ltr'><strong>Sed</strong></span> <span class='ocrx_word' id='word_1_81' title='bbox 888 2027 1002 2085; x_wconf 87' lang='lat' dir='ltr'><strong>contra</strong></span> <span class='ocrx_word' id='word_1_82' title='bbox 1029 2014 1132 2086; x_wconf 80' lang='lat' dir='ltr'><strong>fuisse</strong></span> <span class='ocrx_word' id='word_1_83' title='bbox 1167 2026 1257 2107; x_wconf 91' lang='lat' dir='ltr'><strong>patet</strong></span> <span class='ocrx_word' id='word_1_84' title='bbox 1290 1992 1470 2084; x_wconf 78' lang='lat' dir='ltr'><strong>ex&#39;otone</strong></span> 
     </span>
     <span class='ocr_line' id='line_1_11' title="bbox 313 2143 1471 2245; baseline -0.006 -21"><span class='ocrx_word' id='word_1_85' title='bbox 313 2225 316 2230; x_wconf 80' lang='grc'><strong>,</strong></span> <span class='ocrx_word' id='word_1_86' title='bbox 430 2143 562 2237; x_wconf 84' lang='lat' dir='ltr'><strong>Cassio,</strong></span> <span class='ocrx_word' id='word_1_87' title='bbox 585 2149 669 2242; x_wconf 88' lang='lat' dir='ltr'><strong>apud</strong></span> <span class='ocrx_word' id='word_1_88' title='bbox 691 2173 785 2245; x_wconf 91' lang='lat' dir='ltr'><strong>quem</strong></span> <span class='ocrx_word' id='word_1_89' title='bbox 801 2149 974 2222; x_wconf 80' lang='lat' dir='ltr'><strong>Maecenas</strong></span> <span class='ocrx_word' id='word_1_90' title='bbox 995 2149 1074 2221; x_wconf 89' lang='lat' dir='ltr'><strong>haec</strong></span> <span class='ocrx_word' id='word_1_91' title='bbox 1088 2145 1243 2243; x_wconf 84' lang='lat' dir='ltr'><strong>Angusto</strong></span> <span class='ocrx_word' id='word_1_92' title='bbox 1259 2147 1375 2220; x_wconf 81' lang='lat' dir='ltr'><strong>suadet</strong></span> <span class='ocrx_word' id='word_1_93' title='bbox 1388 2146 1471 2218; x_wconf 84' lang='lat' dir='ltr'><strong>libro</strong></span> 
     </span>
     <span class='ocr_line' id='line_1_12' title="bbox 430 2280 1473 2379; baseline -0.005 -20"><span class='ocrx_word' id='word_1_94' title='bbox 430 2280 503 2372; x_wconf 56' lang='lat'>1⁴11,</span> <span class='ocrx_word' id='word_1_95' title='bbox 530 2285 593 2356; x_wconf 80' lang='grc'><strong>20.</strong></span> <span class='ocrx_word' id='word_1_96' title='bbox 620 2308 653 2379; x_wconf 91' lang='lat' dir='ltr'><strong>p.</strong></span> <span class='ocrx_word' id='word_1_97' title='bbox 683 2285 771 2358; x_wconf 84' lang='grc'><strong>674.</strong></span> <span class='ocrx_word' id='word_1_98' title='bbox 825 2288 1083 2376; x_wconf 74' lang='grc' dir='ltr'><strong><em>Καταλέγεσθαι</em></strong></span> <span class='ocrx_word' id='word_1_99' title='bbox 1114 2288 1151 2358; x_wconf 81' lang='grc' dir='ltr'><strong>δὲ</strong></span> <span class='ocrx_word' id='word_1_100' title='bbox 1176 2288 1239 2379; x_wconf 79' lang='grc' dir='ltr'><strong>χρὴ</strong></span> <span class='ocrx_word' id='word_1_101' title='bbox 1268 2288 1304 2368; x_wconf 78' lang='grc' dir='ltr'><strong>ἒς</strong></span> <span class='ocrx_word' id='word_1_102' title='bbox 1329 2289 1390 2372; x_wconf 78' lang='grc' dir='ltr'><strong>μὲν</strong></span> <span class='ocrx_word' id='word_1_103' title='bbox 1414 2288 1473 2378; x_wconf 71' lang='grc' dir='ltr'><strong>τὴν</strong></span> 
     </span>
     <span class='ocr_line' id='line_1_13' title="bbox 431 2418 1473 2515; baseline 0.002 -20"><span class='ocrx_word' id='word_1_104' title='bbox 431 2419 567 2495; x_wconf 69' lang='grc' dir='ltr'><em>ἱππάδα</em></span> <span class='ocrx_word' id='word_1_105' title='bbox 587 2418 893 2508; x_wconf 61' lang='lat' dir='ltr'><strong>coronamentum,</strong></span> <span class='ocrx_word' id='word_1_106' title='bbox 924 2424 960 2505; x_wconf 75' lang='grc' dir='ltr'><strong>ἐς</strong></span> <span class='ocrx_word' id='word_1_107' title='bbox 981 2423 1018 2495; x_wconf 81' lang='grc' dir='ltr'><strong>δὲ</strong></span> <span class='ocrx_word' id='word_1_108' title='bbox 1039 2423 1077 2493; x_wconf 78' lang='grc' dir='ltr'><strong>τὸ</strong></span> <span class='ocrx_word' id='word_1_109' title='bbox 1100 2425 1288 2515; x_wconf 76' lang='grc' dir='ltr'><strong>συνέδριον,</strong></span> <span class='ocrx_word' id='word_1_110' title='bbox 1321 2452 1473 2497; x_wconf 79' lang='grc' dir='ltr'><strong><em>πεντε-</em></strong></span> 
     </span>
     <span class='ocr_line' id='line_1_14' title="bbox 432 2555 1502 2658; baseline 0.006 -31"><span class='ocrx_word' id='word_1_111' title='bbox 432 2558 776 2651; x_wconf 63' lang='lat' dir='ltr'><strong>taratarantium·</strong></span> <span class='ocrx_word' id='word_1_112' title='bbox 832 2555 1212 2644; x_wconf 64' lang='lat' dir='ltr'><strong>Topicaaioovrts&#39;se</strong></span> <span class='ocrx_word' id='word_1_113' title='bbox 1234 2560 1291 2628; x_wconf 76' lang='grc' dir='ltr'><strong>καὶ</strong></span> <span class='ocrx_word' id='word_1_114' title='bbox 1311 2555 1502 2658; x_wconf 39' lang='lat' dir='ltr'><strong>&amp;propono-l</strong></span> 
     </span>
    </p>
   </div>
   <div class='ocr_carea' id='block_1_5' title="bbox 430 2687 1479 2917">
    <p class='ocr_par' dir='ltr' id='par_1_5' title="bbox 430 2687 1479 2917">
     <span class='ocr_line' id='line_1_15' title="bbox 430 2687 1479 2785; baseline 0.009 -25"><span class='ocrx_word' id='word_1_115' title='bbox 430 2687 594 2780; x_wconf 77' lang='grc' dir='ltr'><strong><em>μὴσαντες</em></strong></span> <span class='ocrx_word' id='word_1_116' title='bbox 614 2688 636 2781; x_wconf 77' lang='grc' dir='ltr'>ἢ</span> <span class='ocrx_word' id='word_1_117' title='bbox 658 2689 928 2784; x_wconf 77' lang='grc' dir='ltr'><strong><em>δημαρχήσαντες</em></strong></span> <span class='ocrx_word' id='word_1_118' title='bbox 950 2692 1235 2784; x_wconf 75' lang='grc' dir='ltr'><strong><em>στρατηγεὶτωσαν</em></strong></span> <span class='ocrx_word' id='word_1_119' title='bbox 1260 2704 1479 2785; x_wconf 55' lang='lat' dir='ltr'><strong>aprononoaiae</strong></span> 
     </span>
     <span class='ocr_line' id='line_1_16' title="bbox 431 2813 1472 2917; baseline 0.006 -27"><span class='ocrx_word' id='word_1_120' title='bbox 431 2813 486 2890; x_wconf 70' lang='lat' dir='ltr'><strong>tm</strong></span> <span class='ocrx_word' id='word_1_121' title='bbox 507 2817 688 2906; x_wconf 72' lang='grc' dir='ltr'><strong>γενόμενοι.</strong></span> <span class='ocrx_word' id='word_1_122' title='bbox 732 2813 836 2889; x_wconf 83' lang='lat' dir='ltr'><strong>Cuius</strong></span> <span class='ocrx_word' id='word_1_123' title='bbox 861 2818 925 2890; x_wconf 90' lang='lat' dir='ltr'><strong>loci</strong></span> <span class='ocrx_word' id='word_1_124' title='bbox 951 2818 1098 2892; x_wconf 90' lang='lat' dir='ltr'><strong>universi</strong></span> <span class='ocrx_word' id='word_1_125' title='bbox 1122 2841 1219 2916; x_wconf 86' lang='lat' dir='ltr'><strong>quum</strong></span> <span class='ocrx_word' id='word_1_126' title='bbox 1242 2843 1282 2889; x_wconf 91' lang='lat' dir='ltr'><strong>ea</strong></span> <span class='ocrx_word' id='word_1_127' title='bbox 1304 2824 1387 2895; x_wconf 90' lang='lat' dir='ltr'><strong>ratio</strong></span> <span class='ocrx_word' id='word_1_128' title='bbox 1414 2827 1472 2917; x_wconf 87' lang='lat' dir='ltr'><strong>sit,</strong></span> 
     </span>
    </p>
   </div>
   <div class='ocr_carea' id='block_1_6' title="bbox 295 2949 1472 3054">
    <p class='ocr_par' dir='ltr' id='par_1_6' title="bbox 295 2949 1472 3054">
     <span class='ocr_line' id='line_1_17' title="bbox 295 2949 1472 3054; baseline 0.008 -31"><span class='ocrx_word' id='word_1_129' title='bbox 295 2952 299 2960; x_wconf 85' lang='lat'>&#39;</span> <span class='ocrx_word' id='word_1_130' title='bbox 431 2949 571 3040; x_wconf 85' lang='lat' dir='ltr'><strong>utDio‚</strong></span> <span class='ocrx_word' id='word_1_131' title='bbox 599 2952 655 3047; x_wconf 91' lang='lat' dir='ltr'><strong>qui</strong></span> <span class='ocrx_word' id='word_1_132' title='bbox 681 2951 878 3026; x_wconf 87' lang='lat' dir='ltr'><strong>rhetoricum</strong></span> <span class='ocrx_word' id='word_1_133' title='bbox 894 2954 1020 3027; x_wconf 86' lang='lat' dir='ltr'><strong>dicendi</strong></span> <span class='ocrx_word' id='word_1_134' title='bbox 1045 2976 1150 3048; x_wconf 78' lang='lat' dir='ltr'><strong>genus</strong></span> <span class='ocrx_word' id='word_1_135' title='bbox 1177 2954 1322 3032; x_wconf 86' lang='lat' dir='ltr'><strong>studiose</strong></span> <span class='ocrx_word' id='word_1_136' title='bbox 1349 2974 1472 3054; x_wconf 82' lang='lat' dir='ltr'><strong>captat,</strong></span> 
     </span>
    </p>
   </div>
   <div class='ocr_carea' id='block_1_7' title="bbox 349 3081 1476 4248">
    <p class='ocr_par' dir='ltr' id='par_1_7' title="bbox 358 3081 1473 3324">
     <span class='ocr_line' id='line_1_18' title="bbox 358 3081 1473 3193; baseline 0.009 -34"><span class='ocrx_word' id='word_1_137' title='bbox 358 3175 368 3193; x_wconf 68' lang='lat'><strong>.</strong></span> <span class='ocrx_word' id='word_1_138' title='bbox 432 3087 538 3180; x_wconf 85' lang='lat' dir='ltr'><strong>omnia</strong></span> <span class='ocrx_word' id='word_1_139' title='bbox 570 3081 715 3181; x_wconf 76' lang='lat' dir='ltr'><strong>Augusti</strong></span> <span class='ocrx_word' id='word_1_140' title='bbox 746 3088 917 3177; x_wconf 88' lang='lat' dir='ltr'><strong>instituta,</strong></span> <span class='ocrx_word' id='word_1_141' title='bbox 970 3088 1086 3185; x_wconf 73' lang='lat' dir='ltr'><strong>(panibus</strong></span> <span class='ocrx_word' id='word_1_142' title='bbox 1125 3089 1323 3183; x_wconf 86' lang='lat' dir='ltr'><strong>reipublicae</strong></span> <span class='ocrx_word' id='word_1_143' title='bbox 1355 3098 1473 3190; x_wconf 89' lang='lat' dir='ltr'><strong>prioris</strong></span> 
     </span>
     <span class='ocr_line' id='line_1_19' title="bbox 433 3222 1473 3324; baseline 0.008 -26"><span class='ocrx_word' id='word_1_144' title='bbox 433 3225 566 3298; x_wconf 79' lang='lat' dir='ltr'><strong>turmam</strong></span> <span class='ocrx_word' id='word_1_145' title='bbox 591 3224 793 3313; x_wconf 77' lang='lat' dir='ltr'><strong>immutavit,</strong></span> <span class='ocrx_word' id='word_1_146' title='bbox 826 3222 1026 3300; x_wconf 80' lang='lat' dir='ltr'><strong>Maecenatis</strong></span> <span class='ocrx_word' id='word_1_147' title='bbox 1056 3225 1202 3300; x_wconf 86' lang='lat' dir='ltr'><strong>oratione</strong></span> <span class='ocrx_word' id='word_1_148' title='bbox 1227 3228 1473 3324; x_wconf 81' lang='lat' dir='ltr'><strong>complectatur,</strong></span> 
     </span>
    </p>

    <p class='ocr_par' dir='ltr' id='par_1_8' title="bbox 415 3343 1476 4134">
     <span class='ocr_line' id='line_1_20' title="bbox 432 3357 1474 3461; baseline 0.007 -27.888"><span class='ocrx_word' id='word_1_149' title='bbox 432 3369 498 3442; x_wconf 77' lang='lat' dir='ltr'><strong>uon</strong></span> <span class='ocrx_word' id='word_1_150' title='bbox 523 3357 660 3434; x_wconf 85' lang='lat' dir='ltr'><strong>dubitari</strong></span> <span class='ocrx_word' id='word_1_151' title='bbox 686 3373 810 3455; x_wconf 86' lang='lat' dir='ltr'><strong>potest,</strong></span> <span class='ocrx_word' id='word_1_152' title='bbox 844 3360 920 3457; x_wconf 89' lang='lat' dir='ltr'><strong>quin</strong></span> <span class='ocrx_word' id='word_1_153' title='bbox 944 3358 992 3448; x_wconf 87' lang='lat' dir='ltr'><strong>id,</strong></span> <span class='ocrx_word' id='word_1_154' title='bbox 1019 3360 1105 3461; x_wconf 87' lang='lat' dir='ltr'><strong>quod</strong></span> <span class='ocrx_word' id='word_1_155' title='bbox 1121 3363 1248 3438; x_wconf 80' lang='lat' dir='ltr'><strong>consilii</strong></span> <span class='ocrx_word' id='word_1_156' title='bbox 1265 3364 1399 3438; x_wconf 88' lang='lat' dir='ltr'><strong>sormam</strong></span> <span class='ocrx_word' id='word_1_157' title='bbox 1422 3393 1474 3440; x_wconf 90' lang='lat' dir='ltr'><strong>re·</strong></span> 
     </span>
     <span class='ocr_line' id='line_1_21' title="bbox 434 3473 1474 3598; baseline 0.009 -30"><span class='ocrx_word' id='word_1_158' title='bbox 434 3479 522 3585; x_wconf 76' lang='lat' dir='ltr'><strong>fert,¹</strong></span> <span class='ocrx_word' id='word_1_159' title='bbox 552 3519 587 3568; x_wconf 91' lang='lat' dir='ltr'><strong>re</strong></span> <span class='ocrx_word' id='word_1_160' title='bbox 620 3517 700 3567; x_wconf 89' lang='lat' dir='ltr'><strong>vcra</strong></span> <span class='ocrx_word' id='word_1_161' title='bbox 725 3494 787 3568; x_wconf 87' lang='lat' dir='ltr'><strong>sub</strong></span> <span class='ocrx_word' id='word_1_162' title='bbox 812 3490 967 3591; x_wconf 81' lang='lat' dir='ltr'><strong>Augusto</strong></span> <span class='ocrx_word' id='word_1_163' title='bbox 993 3495 1185 3571; x_wconf 80' lang='lat' dir='ltr'><strong>obtinuerit.</strong></span> <span class='ocrx_word' id='word_1_164' title='bbox 1240 3473 1348 3591; x_wconf 77' lang='lat' dir='ltr'><strong>Quare</strong></span> <span class='ocrx_word' id='word_1_165' title='bbox 1375 3525 1474 3598; x_wconf 91' lang='lat' dir='ltr'><strong>quum</strong></span> 
     </span>
     <span class='ocr_line' id='line_1_22' title="bbox 435 3630 1476 3733; baseline 0.01 -29"><span class='ocrx_word' id='word_1_166' title='bbox 435 3643 631 3728; x_wconf 82' lang='lat' dir='ltr'><strong>quaesturae</strong></span> <span class='ocrx_word' id='word_1_167' title='bbox 664 3630 855 3704; x_wconf 89' lang='lat' dir='ltr'><strong>obtinendae</strong></span> <span class='ocrx_word' id='word_1_168' title='bbox 890 3654 1018 3722; x_wconf 87' lang='lat' dir='ltr'><strong>annus,</strong></span> <span class='ocrx_word' id='word_1_169' title='bbox 1058 3633 1111 3730; x_wconf 93' lang='lat' dir='ltr'><strong>qui</strong></span> <span class='ocrx_word' id='word_1_170' title='bbox 1136 3645 1232 3709; x_wconf 87' lang='lat' dir='ltr'><strong>antea</strong></span> <span class='ocrx_word' id='word_1_171' title='bbox 1255 3638 1413 3733; x_wconf 87' lang='lat' dir='ltr'><strong>septimus</strong></span> <span class='ocrx_word' id='word_1_172' title='bbox 1442 3657 1476 3715; x_wconf 93' lang='lat' dir='ltr'><strong>et</strong></span> 
     </span>
     <span class='ocr_line' id='line_1_23' title="bbox 434 3763 1476 3867; baseline 0.006 -24"><span class='ocrx_word' id='word_1_173' title='bbox 434 3768 609 3844; x_wconf 88' lang='lat' dir='ltr'><strong>vicesimus</strong></span> <span class='ocrx_word' id='word_1_174' title='bbox 631 3766 716 3857; x_wconf 86' lang='lat' dir='ltr'><strong>snit,</strong></span> <span class='ocrx_word' id='word_1_175' title='bbox 746 3766 790 3846; x_wconf 85' lang='lat' dir='ltr'><strong>ab</strong></span> <span class='ocrx_word' id='word_1_176' title='bbox 816 3763 969 3863; x_wconf 85' lang='lat' dir='ltr'><strong>Augusto</strong></span> <span class='ocrx_word' id='word_1_177' title='bbox 1002 3773 1258 3845; x_wconf 80' lang='lat' dir='ltr'><strong>constitueretur</strong></span> <span class='ocrx_word' id='word_1_178' title='bbox 1284 3777 1416 3867; x_wconf 90' lang='lat' dir='ltr'><strong>quintus</strong></span> <span class='ocrx_word' id='word_1_179' title='bbox 1441 3791 1476 3849; x_wconf 89' lang='lat' dir='ltr'><strong>ct</strong></span> 
     </span>
     <span class='ocr_line' id='line_1_24' title="bbox 434 3902 1472 4006; baseline 0.01 -30"><span class='ocrx_word' id='word_1_180' title='bbox 434 3904 631 3991; x_wconf 84' lang='lat' dir='ltr'><strong>vicesimus,</strong></span> <span class='ocrx_word' id='word_1_181' title='bbox 658 3928 701 3974; x_wconf 88' lang='lat' dir='ltr'><strong>ex</strong></span> <span class='ocrx_word' id='word_1_182' title='bbox 728 3928 769 3976; x_wconf 91' lang='lat' dir='ltr'><strong>eo</strong></span> <span class='ocrx_word' id='word_1_183' title='bbox 795 3918 905 3997; x_wconf 88' lang='lat' dir='ltr'><strong>patet,</strong></span> <span class='ocrx_word' id='word_1_184' title='bbox 929 3902 1113 3995; x_wconf 89' lang='lat' dir='ltr'><strong>Velleium,</strong></span> <span class='ocrx_word' id='word_1_185' title='bbox 1142 3906 1198 4000; x_wconf 83' lang='lat' dir='ltr'><strong>qui</strong></span> <span class='ocrx_word' id='word_1_186' title='bbox 1220 3929 1304 3979; x_wconf 92' lang='lat' dir='ltr'><strong>anno</strong></span> <span class='ocrx_word' id='word_1_187' title='bbox 1330 3934 1364 4006; x_wconf 83' lang='lat' dir='ltr'><strong>p:</strong></span> <span class='ocrx_word' id='word_1_188' title='bbox 1393 3910 1472 3994; x_wconf 85' lang='lat' dir='ltr'><strong>Chr.</strong></span> 
     </span>
     <span class='ocr_line' id='line_1_25' title="bbox 436 4036 1476 4134; baseline 0.011 -22"><span class='ocrx_word' id='word_1_189' title='bbox 436 4061 470 4112; x_wconf 89' lang='lat' dir='ltr'><strong>n.</strong></span> <span class='ocrx_word' id='word_1_190' title='bbox 498 4048 599 4110; x_wconf 72' lang='lat' dir='ltr'><strong>reato</strong></span> <span class='ocrx_word' id='word_1_191' title='bbox 626 4060 700 4108; x_wconf 91' lang='lat' dir='ltr'><strong>eum</strong></span> <span class='ocrx_word' id='word_1_192' title='bbox 725 4036 879 4110; x_wconf 86' lang='lat' dir='ltr'><strong>honorem</strong></span> <span class='ocrx_word' id='word_1_193' title='bbox 905 4050 1047 4134; x_wconf 85' lang='lat' dir='ltr'><strong>peteret,</strong></span> <span class='ocrx_word' id='word_1_194' title='bbox 1077 4053 1187 4116; x_wconf 85' lang='lat' dir='ltr'><strong>natum</strong></span> <span class='ocrx_word' id='word_1_195' title='bbox 1206 4066 1281 4120; x_wconf 87' lang='lat' dir='ltr'><strong>asse</strong></span> <span class='ocrx_word' id='word_1_196' title='bbox 1300 4070 1383 4121; x_wconf 92' lang='lat' dir='ltr'><strong>anno</strong></span> <span class='ocrx_word' id='word_1_197' title='bbox 1400 4062 1476 4123; x_wconf 87' lang='lat' dir='ltr'><strong>ante</strong></span> 
     </span>
    </p>

    <p class='ocr_par' dir='ltr' id='par_1_9' title="bbox 349 4147 1076 4248">
     <span class='ocr_line' id='line_1_26' title="bbox 349 4147 1076 4248; baseline -0.004 1"><span class='ocrx_word' id='word_1_198' title='bbox 349 4177 352 4182; x_wconf 79' lang='grc'>’</span> <span class='ocrx_word' id='word_1_199' title='bbox 423 4147 543 4248; x_wconf 57' lang='lat' dir='ltr'><strong>⁸aeram</strong></span> <span class='ocrx_word' id='word_1_200' title='bbox 571 4170 787 4246; x_wconf 84' lang='lat' dir='ltr'><strong>Christianam</strong></span> <span class='ocrx_word' id='word_1_201' title='bbox 813 4171 1076 4246; x_wconf 67' lang='lat' dir='ltr'><strong>oorkoa&#39;cceaico.</strong></span> 
     </span>
    </p>
   </div>
   <div class='ocr_carea' id='block_1_8' title="bbox 535 4309 1474 4411">
    <p class='ocr_par' dir='ltr' id='par_1_10' title="bbox 535 4309 1474 4411">
     <span class='ocr_line' id='line_1_27' title="bbox 535 4309 1474 4411; baseline 0.006 -25"><span class='ocrx_word' id='word_1_202' title='bbox 535 4310 663 4386; x_wconf 87' lang='lat' dir='ltr'><strong>Mature</strong></span> <span class='ocrx_word' id='word_1_203' title='bbox 683 4333 757 4382; x_wconf 88' lang='lat' dir='ltr'><strong>aum</strong></span> <span class='ocrx_word' id='word_1_204' title='bbox 778 4309 938 4405; x_wconf 86' lang='lat' dir='ltr'><strong>stipendia</strong></span> <span class='ocrx_word' id='word_1_205' title='bbox 959 4311 1077 4386; x_wconf 84' lang='lat' dir='ltr'><strong>iecisse</strong></span> <span class='ocrx_word' id='word_1_206' title='bbox 1100 4318 1325 4411; x_wconf 79' lang='lat' dir='ltr'><strong>cognoscimus</strong></span> <span class='ocrx_word' id='word_1_207' title='bbox 1353 4343 1395 4390; x_wconf 88' lang='lat' dir='ltr'><strong>ex</strong></span> <span class='ocrx_word' id='word_1_208' title='bbox 1418 4321 1474 4410; x_wconf 87' lang='lat' dir='ltr'><strong>iis,</strong></span> 
     </span>
    </p>
   </div>
   <div class='ocr_carea' id='block_1_9' title="bbox 304 4447 1475 4550">
    <p class='ocr_par' dir='ltr' id='par_1_11' title="bbox 304 4447 1475 4550">
     <span class='ocr_line' id='line_1_28' title="bbox 304 4447 1475 4550; baseline 0.011 -33"><span class='ocrx_word' id='word_1_209' title='bbox 304 4465 307 4470; x_wconf 57' lang='lat'><strong>⁴</strong></span> <span class='ocrx_word' id='word_1_210' title='bbox 435 4469 518 4545; x_wconf 83' lang='lat' dir='ltr'><strong>quae</strong></span> <span class='ocrx_word' id='word_1_211' title='bbox 543 4447 595 4537; x_wconf 93' lang='grc'><strong>11,</strong></span> <span class='ocrx_word' id='word_1_212' title='bbox 634 4449 718 4521; x_wconf 89' lang='grc'><strong>101.</strong></span> <span class='ocrx_word' id='word_1_213' title='bbox 755 4449 839 4521; x_wconf 87' lang='lat' dir='ltr'><strong>satis</strong></span> <span class='ocrx_word' id='word_1_214' title='bbox 878 4449 1003 4544; x_wconf 78' lang='lat' dir='ltr'><strong>prolixe</strong></span> <span class='ocrx_word' id='word_1_215' title='bbox 1041 4449 1080 4524; x_wconf 88' lang='lat' dir='ltr'><strong>de</strong></span> <span class='ocrx_word' id='word_1_216' title='bbox 1124 4454 1238 4547; x_wconf 89' lang='lat' dir='ltr'><strong>primis</strong></span> <span class='ocrx_word' id='word_1_217' title='bbox 1275 4455 1475 4550; x_wconf 86' lang='lat' dir='ltr'><strong>temporibus</strong></span> 
     </span>
    </p>
   </div>
   <div class='ocr_carea' id='block_1_10' title="bbox 436 4569 1475 4678">
    <p class='ocr_par' dir='ltr' id='par_1_12' title="bbox 436 4569 1475 4678">
     <span class='ocr_line' id='line_1_29' title="bbox 436 4569 1475 4678; baseline 0.006 -18"><span class='ocrx_word' id='word_1_218' title='bbox 436 4569 506 4660; x_wconf 82' lang='lat' dir='ltr'><strong>suis</strong></span> <span class='ocrx_word' id='word_1_219' title='bbox 533 4584 565 4658; x_wconf 90' lang='lat' dir='ltr'><strong>in</strong></span> <span class='ocrx_word' id='word_1_220' title='bbox 585 4584 697 4658; x_wconf 89' lang='lat' dir='ltr'><strong>militia</strong></span> <span class='ocrx_word' id='word_1_221' title='bbox 723 4587 803 4659; x_wconf 89' lang='lat' dir='ltr'><strong>actis</strong></span> <span class='ocrx_word' id='word_1_222' title='bbox 815 4638 826 4677; x_wconf 89' lang='lat'><strong><em>,</em></strong></span> <span class='ocrx_word' id='word_1_223' title='bbox 854 4600 965 4661; x_wconf 90' lang='lat' dir='ltr'><strong>narrat</strong></span> <span class='ocrx_word' id='word_1_224' title='bbox 977 4600 992 4678; x_wconf 84' lang='lat'><strong>,&#39;</strong></span> <span class='ocrx_word' id='word_1_225' title='bbox 1016 4586 1065 4661; x_wconf 88' lang='lat' dir='ltr'><strong>his</strong></span> <span class='ocrx_word' id='word_1_226' title='bbox 1088 4588 1197 4664; x_wconf 84' lang='lat' dir='ltr'><strong>verbis</strong></span> <span class='ocrx_word' id='word_1_227' title='bbox 1221 4609 1324 4665; x_wconf 82' lang='lat' dir='ltr'><strong>usus:</strong></span> <span class='ocrx_word' id='word_1_228' title='bbox 1353 4590 1475 4666; x_wconf 80' lang='lat' dir='ltr'><strong>Breve</strong></span> 
     </span>
    </p>
   </div>
   <div class='ocr_carea' id='block_1_11' title="bbox 0 0 1855 5425">
    <p class='ocr_par' dir='ltr' id='par_1_13' title="bbox 0 0 1855 5425">
     <span class='ocr_line' id='line_1_30' title="bbox 0 0 1855 5425; baseline 0 0"><span class='ocrx_word' id='word_1_229' title='bbox 0 0 1855 5425; x_wconf 95' lang='lat' dir='ltr'><strong> </strong></span> 
     </span>
    </p>
   </div>
  </div>
 </body>
</html>
