3667 5425
574 750 669 815 ,ult
694 750 1092 819 vunnunol’uuu.
1139 812 1142 817 .
1278 756 1379 824 XXlX

325 920 456 995 abunde
491 919 653 993 sufficiant
696 921 737 994 ad
770 924 940 1019 scriptoris
981 946 1102 995 rnorem
1136 924 1375 1026 declarandum,

327 1081 442 1132 eorum
472 1080 645 1131 numerum
668 1081 791 1154 augere
810 1057 975 1131 nolumus.

430 1194 489 1267 Ex
514 1192 630 1265 codem
652 1195 763 1289 fonte,
791 1194 875 1265 nunde
900 1194 998 1267 fluxit
1022 1196 1085 1268 ista
1111 1196 1220 1270 iudicii
1242 1198 1376 1299 levitas,¹

326 1344 365 1404 ut
399 1330 556 1426 personis
590 1331 623 1403 in
654 1328 788 1403 historia
821 1332 980 1425 primum,
1014 1346 1070 1404 aaut
1103 1336 1211 1428 potius
1247 1338 1376 1411 unicum

324 1468 434 1541 lacurn
459 1464 638 1559 tribueret,
663 1466 875 1560 repetendum
896 1481 949 1539 est
970 1469 1082 1563 etium,
1114 1469 1199 1567 quod
1221 1470 1375 1547 historiae

324 1602 492 1677 Romanae
531 1602 728 1683 succinctam
765 1604 1003 1697 expositionem
1043 1628 1140 1700 saepe
1175 1607 1377 1701 singulamm

324 1762 437 1813 rerum
462 1737 649 1819 narratione
685 1737 851 1833 distinxit,
881 1761 965 1835 quae
991 1739 1119 1812 minime
1145 1739 1186 1813 ad
1211 1743 1376 1817 civitatem

322 1876 513 1973 pertinent,
547 1872 608 1947 sed
643 1872 862 1947 tantummodo
888 1896 961 1946 cum
986 1875 1187 1970 singulorum
1213 1876 1375 1954 hominum

325 2013 459 2085 fortuna
482 2008 709 2091 autmaribus
733 2010 925 2083 coniunctae
952 2022 1050 2105 sunt,
1082 2012 1186 2109 iisque
1212 2015 1373 2091 illustran-
1431 1992 1434 2011 ’

325 2148 378 2221 alis
411 2146 622 2249 inserviunt.
639 2144 770 2247 »j-Quoal
801 2168 866 2243 quo
901 2146 1028 2241 planius
1059 2148 1285 2246 intelligatur,
1322 2153 1373 2227 hic

323 2306 457 2383 quoque
482 2278 663 2379 Sauppium
677 2304 884 2378 ¹sequemur,
917 2284 972 2378 qui
1000 2306 1043 2356 ex
1069 2307 1184 2379 magna
1211 2291 1373 2384 exemplo·

322 2444 397 2494 rum
421 2420 520 2516 copia
536 2418 669 2515 potiora
693 2420 843 2492 contulit.
891 2417 972 2493 Huc·
990 2420 1074 2493 enim
1094 2423 1238 2516 pertinet
1262 2448 1373 2505 narra,-

292 2605 298 2614 -
323 2559 368 2631 tio
395 2557 437 2630 de
462 2552 563 2629 Cotlri
584 2554 741 2650 montel,
765 2556 814 2647 23
843 2553 883 2627 le
910 2554 1002 2628 Persi
1026 2558 1117 2629 exitu
1142 2558 1173 2653 1,
1193 2560 1239 2652 93
1267 2561 1307 2633 alc
1324 2561 1368 2635 L.

323 2692 416 2768 Pauli
444 2692 628 2766 calamitate
655 2690 831 2766 domestica
855 2692 885 2786 1,
905 2692 978 2785 103
1008 2692 1047 2766 de
1072 2692 1122 2767 M.
1145 2686 1260 2790 Popilii
1287 2696 1372 2771 Lae·

326 2830 411 2904 natis
430 2830 619 2902 constantia
641 2827 672 2923 1,
692 2831 761 2921 103
789 2828 829 2901 de
845 2825 895 2900 M.
916 2825 1049 2900 Catonis
1072 2827 1242 2902 Censorini
1267 2846 1372 2906 morte

323 2967 354 3061 Ι,
385 2968 455 3059 13;
482 2966 524 3039 tle
547 2964 673 3040 theatro
699 2990 719 3037 a
746 2963 861 3036 Cassio
885 2975 1056 3036 exstructo
1080 2963 1111 3054 1,
1137 2965 1207 3060 153
1234 2967 1274 3040 lo
1301 2965 1371 3052 Soi-

323 3105 427 3199 pionis
453 3097 601 3174 Africam
622 3099 793 3195 martell,
821 3103 871 3192 43
899 3099 939 3172 dc
968 3097 1008 3173 C.
1041 3097 1179 3210 Gracchi
1206 3117 1241 3176 et
1261 3102 1290 3176 F
1292 3105 1370 3178 ulvii

323 3237 434 3312 Flacci
462 3249 566 3310 morte
590 3235 636 3332 11,
659 3237 706 3330 63
729 3235 775 3308 alc
802 3237 878 3308 vino
894 3232 1061 3330 Opimiano
1089 3235 1197 3331 11‚7;
1226 3238 1265 3314 de
1281 3239 1370 3314 Livii

324 3373 432 3448 Drusi·
449 3373 544 3447 domo
565 3371 611 3467 11,
630 3375 700 3466 143
730 3372 769 3445 de
784 3370 1056 3470 Mitylenaeorum
1073 3371 1209 3467 pertidia
1232 3374 1276 3470 ΙΙ,
1297 3379 1367 3471 18;

325 3509 363 3583 le
377 3509 419 3584 C.
438 3507 537 3584 Marii
561 3511 639 3604 iuga
663 3507 710 3602 ΙΙ,
731 3511 801 3601 19;
817 3506 869 3579 ¹‹le
890 3504 1084 3602 Calpurniae
1108 3521 1212 3582 morte
1233 3509 1278 3607 11,
1293 3513 1367 3607 263

326 3645 366 3718 le
389 3645 497 3720 Pontii
523 3644 669 3750 Telesini
693 3658 799 3736 morte
822 3642 868 3739 11,
895 3644 970 3737 273
997 3644 1037 3717 de
1055 3642 1098 3736 Q.
1123 3643 1232 3718 Catuli
1257 3662 1368 3722 aucto·
1518 3689 1521 3694 ·

325 3784 417 3856 ritate
444 3781 491 3876 ΙΙ,
518 3781 592 3874 32;
618 3781 658 3854 de
678 3780 809 3854 Luculli
837 3779 969 3856 luxuria
993 3777 1038 3872 11,
1060 3779 1131 3870 333
1160 3779 1199 3851 de
1216 3779 1369 3877 Tigranis

327 3917 484 4022 lelitioue
510 3916 556 4008 11,
581 3917 652 4010 373
682 3915 720 3990 de
747 3915 891 3989 Caesare
916 3939 936 3986 a
963 3914 1075 4009 piratis
1102 3928 1197 4010 capto
1223 3915 1268 4013 11,
1295 3921 1366 4012 413

327 4053 362 4126 le
376 4051 523 4128 Caesare
541 4067 655 4126 contra
672 4053 791 4149 piratas
815 4077 853 4126 sc
873 4065 1008 4148 parante
1028 4050 1161 4146 11,43;
1190 4051 1229 4125 de
1255 4058 1367 4129 trium·

327 4191 459 4285 plorum
485 4205 600 4286 paratu
624 4187 774 4263 Caesaris
798 4187 932 4283 11,5o;
962 4189 1001 4260 de
1028 4187 1178 4284 ambiguo
1198 4187 1381 4264 Ciceronis-

328 4325 406 4400 licto
433 4327 488 4422 ΙΙ,
516 4328 590 4419 623
623 4325 662 4398 le
679 4325 780 4398 -Bruti
807 4323 978 4422 Cassiique
1012 4322 1191 4414 montell,
1219 4324 1291 4420 7o;
1327 4325 1368 4400 tle

327 4463 430 4536 laceto
442 4527 446 4532 .
459 4460 544 4536 Sex.
572 4461 717 4555 Pompeii
743 4462 829 4534 licto
853 4461 906 4555 ll,
934 4461 1009 4552 773
1054 4459 1094 4530 de
1127 4483 1246 4534 severa
1272 4461 1366 4537 disci·

324 4600 408 4694 plina
440 4597 573 4672 Domitii
609 4596 735 4676 Caluini
766 4599 816 4694 11,
850 4597 922 4690 783
959 4595 998 4670 le
1030 4592 1173 4670 Antonio
1206 4597 1365 4674 Bacchum
