3667 5425
637 674 726 793 nn
755 727 956 794 aaaron
986 728 1159 794 arnna.
1339 725 1449 796 xum

345 1000 348 1005 Ι
414 895 594 971 tlcllat'a
629 908 752 970 tense
792 892 1012 1012 amoremne
1048 911 1177 996 atqua
1214 897 1397 997 elegant
1402 922 1451 972 er

409 1009 636 1130 consentinam
666 1056 764 1126 esre;
808 1034 1013 1112 Cellarins
1004 1058 1037 1107 m
1063 1035 1229 1129 praerat,
1269 1035 1449 1109 (lectionem

405 1173 477 1243 etas
497 1171 609 1269 plone
638 1193 813 1244 romanam
846 1184 970 1268 atque·
984 1174 1231 1271 elegantem
1257 1171 1357 1267 dicit3
1394 1195 1449 1244 ne·
1514 1143 1520 1156 “

402 1328 460 1403 que
492 1304 730 1397 Ruhnkenius,
764 1307 971 1381 doctissimus
1003 1306 1144 1404 alioquin
1177 1299 1347 1381 latinitatis
1379 1309 1449 1381 exi·

399 1445 576 1532 stimator,
601 1441 798 1531 dubitavit
789 1468 822 1516 m
848 1444 958 1518 Praei.
982 1466 1016 1539 p.
1034 1436 1122 1517 XX.
1148 1443 1202 1517 ed.
1228 1443 1288 1517 Fr.
1317 1467 1449 1519 cenat

396 1590 507 1652 atam
535 1604 567 1652 et
596 1590 633 1650 el
665 1578 936 1681 oaqansalam
963 1581 1127 1678 loquenda
1146 1603 1261 1679 genos
1286 1578 1446 1695 tribuere.

397 1713 466 1791 Sed
498 1717 565 1789 istc
598 1683 717 1788 iudicia
748 1718 855 1810 potius
888 1741 908 1788 a
943 1739 1044 1788 sensu
1075 1711 1212 1812 quadam
1238 1736 1325 1813 vago
1352 1730 1450 1814 atque

397 1852 621 1947 praeiudicata
654 1854 828 1947 opinione,
864 1875 966 1961 quam¹
993 1851 1033 1925 ab
1068 1865 1220 1925 accurata
1251 1874 1351 1926 verae
1377 1855 1470 1927 eius'

397 1990 516 2063 indolis
555 1990 742 2084 cognitione
775 1988 921 2083 prolecta
947 1968 1022 2061 esse
1049 2013 1092 2060 ex
1117 1989 1157 2060 iis
1184 1970 1332 2085 patebit,
1365 2012 1448 2086 quae

399 2125 548 2221 diligenti
584 2125 655 2197 eius
688 2126 738 2196 rei
774 2123 1004 2198 observatione
1041 2123 1285 2220 circumspectis
1318 2124 1448 2227 lectari·

394 2261 461 2363 ius
488 2285 564 2333 sese
590 2262 743 2334 aderunt.
779 2260 945 2335 Nimirum
963 2284 1075 2334 omncs
1093 2259 1242 2334 dictionis
1257 2257 1448 2337 Velleianae

394 2398 513 2471 laudes
547 2421 612 2471 non
642 2399 733 2470 ultra
766 2399 895 2471 latonae
926 2399 1094 2470 oraa‘om‘s
1128 2399 1281 2471 virtutem
1313 2423 1448 2494 progra-
1555 2462 1561 2489 ,

397 2534 661 2630 diuntor,·qnae
689 2547 757 2607 tum
777 2536 814 2607 in
836 2557 899 2607 usu
926 2533 1083 2609 bonorum
1109 2537 1366 2632 usitatorumque
1389 2559 1447 2608 va·

396 2670 627 2767 tabularum„
656 2682 723 2782 tum
767 2669 800 2744 in
834 2669 980 2767 legitima
1016 2690 1130 2745 aarum
1167 2670 1380 2748 declinatione
1416 2687 1449 2746 et

399 2815 565 2881 structura
587 2809 746 2880 cernitur.
781 2808 836 2881 Ad
857 2832 952 2905 quam
973 2807 1122 2880 diationis
1147 2807 1329 2880 castitatem
1351 2832 1448 2903 quum
1559 2814 1566 2830 ⁸

397 2946 562 3039 vigorem,
576 2944 736 3041 quendam
761 2957 859 3041 atque
886 2939 1092 3042 splendorem
1118 2941 1352 3046 sententiarum
1381 2943 1448 3016 edi·
1535 2947 1539 2953 ”

395 3094 490 3155 tores
517 3081 668 3154 viderent
693 3047 874 3172 accedere,
908 3078 955 3154 ita
978 3073 1031 3153 'his
1046 3078 1214 3154 'orationis
1240 3078 1333 3176 quasi
1359 3077 1449 3152 leno·
1558 3050 1564 3064 x

394 3219 493 3290 ciniis
520 3217 604 3313 capti
631 3230 729 3309 sunt,
766 3232 807 3292 ut
835 3241 941 3314 neque
969 3215 1089 3290 maiora
1115 3230 1151 3289 ct
1175 3215 1371 3312 perfectiora
1396 3241 1448 3289 re·

367 3319 374 3336 x
394 3356 582 3451 animract,
600 3357 646 3448 ‘et
667 3376 721 3443 en,
750 3377 833 3451 quae
856 3352 961 3427 minus
987 3351 1151 3450 probanda
1176 3365 1268 3443 sunt,
1297 3350 1352 3426 vel
1379 3377 1444 3427 non

397 3489 713 3580 animaduerterent,
740 3491 795 3563 vel
821 3492 908 3563 iusto
936 3487 1043 3563 levius
1067 3485 1261 3562 iudicarant.

501 3622 598 3719 Quod
623 3640 732 3699 autem
757 3624 879 3708 Vellcii
915 3626 1019 3699 oratic
1052 3647 1117 3699 noo
1146 3623 1244 3698 tantis
1271 3622 1355 3698 nitet
1380 3626 1447 3698 vir·

396 3762 543 3853 tutibus,
581 3776 618 3835 ut
645 3758 791 3859 volgaris
806 3728 867 3867 'est
893 3760 1022 3858 opinio,
1051 3760 1123 3834 eins
1149 3759 1199 3833 rei
1222 3771 1291 3831 tres
1314 3762 1472 3856 potissi·'

397 3924 483 3973 mum
513 3924 652 3973 caussae
687 3901 908 3995 reperiuntur.
963 3897 1106 3971 Primum
1137 3896 1263 3969 laborat
1300 3895 1448 3968 omnibus
1479 3910 1484 3929 '

398 4038 511 4128 vitiis,
555 4057 638 4133 quae
669 4038 720 4108 sni
747 4038 820 4107 aevi
847 4049 941 4145 erant
966 4033 1108 4131 propria.
1162 4029 1248 4109 Nam
1273 4048 1312 4107 ut
1337 4036 1371 4107 in
1396 4059 1447 4108 re·
1481 4056 1492 4073 Χ

397 4174 526 4269 publica
546 4186 581 4245 ct
600 4172 796 4248 in'moribus
820 4172 989 4264 nihil-erat
1010 4196 1123 4246 sanum
1143 4187 1241 4269 atque
1261 4172 1446 4260 robustum,

397 4311 443 4382 ita
463 4314 498 4383 io
519 4309 640 4383 litteris
665 4333 792 4420 quoquc
816 4311 966 4382 sanitatis
990 4310 1044 4381 ille
1070 4309 1174 4399 calor,
1200 4332 1296 4405 quem
1312 4310 1344 4378 in
1361 4307 1447 4400 prio·

396 4447 487 4520 ribos
506 4446 715 4536 admiramur,
737 4447 900 4562 paullatim
923 4458 1115 4518 evanuerat.
1153 4441 1254 4535 Qua
1245 4444 1448 4560 ingeniorum
1568 4467 1574 4476 ¹

395 4583 468 4655 labe
495 4581 647 4658 Velleius
671 4577 815 4680 udoque
825 4573 983 4674 allectus,
1012 4598 1046 4656 et
1072 4595 1191 4679 spreta
1210 4582 1341 4678 antiqua
1373 4582 1448 4653 sim·
1544 4582 1552 4590 ’
