3667 5425
597 730 661 795 ult
685 730 886 797 vurttull
911 733 1082 798 OPERE.
1271 734 1363 802 lxxv

312 905 427 1004 loqui,
473 898 641 975 simulatis
669 899 816 974 laudibus
848 926 912 975 non
943 904 1048 977 solum
1079 929 1133 977 res
1167 905 1361 1002 mediocres,

313 1039 374 1113 sed
400 1041 500 1111 etiam
525 1052 638 1134 turpes
660 1052 695 1108 et
718 1016 905 1112 inhonestas
933 1040 1112 1136 extollere,
1137 1042 1238 1139 ithue¹
1257 1042 1363 1115 lacere

314 1179 502 1270 scientem,
540 1174 581 1245 ad
614 1174 764 1270 gratiam·
786 1174 973 1271 captandam
1009 1177 1274 1275 commodumque
1308 1178 1363 1249 ali-

315 1312 403 1411 quod
436 1308 668 1401 obtinendum,
703 1308 789 1407 quod
821 1308 914 1383 bonis
934 1312 1070 1385 'artibus
1090 1294 1283 1410 comparare
1311 1317 1363 1387 vel

315 1452 420 1543 nolit,
458 1448 516 1521 tel
548 1470 613 1519 non
645 1447 770 1545 possit:
807 1446 922 1518 idonea
956 1448 1171 1524 caussaknon
1198 1464 1270 1546 est,
1306 1474 1365 1523 cur

314 1582 486 1659 Velleium
518 1594 609 1657 tanta
631 1582 738 1654 'animi
773 1581 953 1656 bumilitate
981 1586 1091 1657 ¹luisse
1124 1598 1295 1680 putemus,
1329 1602 1366 1659 ut

313 1724 495 1793 veritatem
518 1718 558 1791 de
585 1718 744 1791 industria
776 1717 969 1791 obscuraret
993 1720 1210 1827 vilissimique
1234 1724 1365 1816 generis

314 1856 501 1929 bominibus
524 1879 601 1927 scsc
628 1854 836 1949 adiungeret.
890 1852 977 1929 Nam
1008 1855 1190 1951 inquibus
1217 1858 1365 1932 veritatis

315 1996 488 2065 immemor
506 1990 661 2081 videtur,
688 2003 747 2061 aut
772 1990 964 2063 severitatis
982 1990 1014 2063 in
1040 1991 1208 2065 iudicando
1230 1993 1364 2089 oblitus,

317 2154 360 2200 ea
393 2126 552 2201 eiusmodi
579 2138 680 2220 sunt,
714 2138 752 2197 ut
782 2150 826 2198 cx
858 2126 922 2197 alio
956 2122 1066 2217 sonte,
1102 2152 1197 2224 quam
1222 2154 1266 2201 ex
1290 2131 1366 2203 adu·

315 2265 468 2355 latione,
495 2261 677 2353 fluxerint,
707 2273 742 2333 et
766 2264 806 2333 eo
832 2262 929 2356 ipso,
957 2262 1042 2361 quod
1067 2264 1167 2337 multo
1193 2240 1289 2338 latius
1311 2292 1381 2363 pa·-

317 2414 389 2474 tent
402 2453 413 2491 ,
448 2400 530 2472 licet
553 2420 615 2493 per
640 2422 677 2469 se
703 2398 747 2468 ita
772 2422 836 2470 non
862 2397 941 2470 fiant
968 2400 1123 2495 meliora,
1162 2373 1368 2477 tamencum
1461 2411 1466 2424 '

318 2536 478 2609 universa
502 2534 613 2630 operis
640 2532 747 2613 indole
773 2535 946 2606 coniuncta
973 2534 1092 2607 obiecti
1117 2538 1259 2633 criminis
1286 2541 1367 2612 iuvi·

322 2673 405 2746 liam
421 2669 519 2744 valde
541 2669 733 2743 imminuunt
757 2692 795 2741 ac
817 2692 919 2764 paene
936 2670 1065 2745 tollunt.
1107 2671 1162 2745 Ex
1185 2696 1248 2770 quo
1268 2678 1367 2772 enim,

322 2807 493 2904 republica¹
514 2829 633 2880 eversa
658 2831 696 2880 ac
721 2805 872 2884 libertate
898 2793 1054 2902 sepulta,¹
1079 2809 1248 2902 imperium
1270 2834 1370 2903 penes

324 2967 424 3018 unum
449 2947 527 3016 essa
553 2943 684 3038 coepit,
712 2964 787 3014 cum
810 2953 934 3014 mutata
961 2929 1103 3018 civitatis
1129 2917 1228 3016 forma
1256 2969 1372 3040 magna

326 3081 420 3154 simul
437 3102 569 3174 ,morum
590 3080 857 3175 ingeniorumque
877 3079 1082 3152 commutatio
1097 3080 1251 3154 incessit.
1285 3080 1371 3156 Nam

327 3221 379 3314 qui
411 3217 491 3289 olim
525 3216 631 3286 omnia
663 3215 769 3288 studia
800 3237 860 3286 sua
895 3227 930 3285 ct
962 3217 1185 3288 contentiones
1221 3217 1261 3290 ad
1287 3242 1370 3291 rcm·

328 3353 485 3448 publicam
520 3348 724 3446 aagendam,
762 3348 949 3452 firmandam
983 3374 1020 3421 ac
1046 3351 1273 3434 moderandam
1296 3378 1371 3426 con·

330 3490 491 3582 tulerant,
533 3487 599 3558 iam
633 3509 697 3558 non
733 3483 894 3558 habebant
927 3485 959 3557 in
995 3509 1058 3582 quo
1092 3483 1235 3583 ipsorum
1266 3491 1372 3563 uirtus

333 3626 512 3696 enitescere
537 3593 673 3718 possct3
701 3618 804 3694 labori
828 3636 1036 3698 successerat
1055 3624 1372 3719 quies‚'industriac

334 3759 478 3853 basilia,
510 3757 655 3830 libertati
688 3759 854 3847 servitusa
894 3755 1018 3828 virtute
1052 3761 1185 3853 antiqua
1212 3761 1375 3831 exstincta

335 3896 363 3966 in
393 3894 602 4000 paucissimis
635 3891 862 3987 generosiores
892 3892 1027 3998 spiritus
1060 3891 1238 3989 vigebant3
1276 3895 1373 3992 longe

337 4031 480 4123 plurimi,
517 4053 599 4126 quos
627 4029 751 4122 patriae
778 4051 869 4099 arnor
897 4051 961 4099 non
993 4027 1033 4100 ad
1058 4027 1285 4125 rempublicam
1316 4057 1374 4104 vo-

339 4180 441 4256 caret,
478 4163 543 4248 sibi
568 4176 693 4237 tantum
718 4164 851 4260 suisque
879 4161 976 4235 rc'bus
1004 4166 1236 4261 consulebant,
1270 4168 1375 4263 neque

340 4301 491 4396 (uomodo
526 4302 657 4396 antiqua
691 4300 853 4395 gravitate
880 4298 1067 4394 dignitatem
1093 4317 1283 4392 tuerentur,
1317 4304 1376 4377 sed

340 4439 491 4534 quomodo
525 4438 614 4508 vitae
646 4435 768 4508 deliciis
795 4434 1035 4531 commodisque
1067 4435 1253 4509 fruerentur
1278 4437 1374 4536 quae·

339 4576 468 4668 rebant3
522 4573 652 4654 omissis
687 4573 827 4670 antiquis
860 4571 1019 4655 institutis
1053 4572 1091 4650 ad
1129 4574 1303 4672 principem
1338 4601 1376 4660 se
