3667 5425
391 736 515 803 xxxta
624 702 1012 805 rnouuaomuum
1055 739 1205 803 canu.

354 998 358 1006 Ι
396 908 499 989 mines
525 906 808 1005 degeneraverant
823 912 852 981 ‘a
871 909 980 1004 prisea
1002 909 1223 1005 simplicitate,
1251 908 1293 979 ita
1317 904 1446 980 dicendi

398 1067 527 1142 quoque
572 1053 678 1142 gertus
719 1017 879 1155 eommudi
914 1045 1031 1121 aetatis
1073 1043 1146 1117 labe
1186 1045 1335 1117 affectum
1369 1045 1446 1118 luit.

399 1179 527 1265 Omissa
553 1179 638 1254 euim
664 1180 774 1270 nativa
800 1179 982 1281 elegantia,
1020 1181 1163 1277 quaein
1189 1204 1315 1254 summa
1341 1182 1446 1252 serui·

398 1329 453 1390 tur
485 1315 695 1412 simplicitate.
710 1329 760 1390 ,et
790 1317 824 1387 iu
857 1340 921 1407 eo,
957 1295 995 1390 ut
1021 1315 1160 1413 quidque
1185 1330 1260 1412 apto
1285 1314 1447 1389 vocabulo

345 1497 348 1512 ·
397 1452 512 1548 reique
537 1450 776 1525 aeoommodato
801 1431 1027 1546 siguifidetur‚
1054 1451 1206 1527 Velleius
1230 1474 1301 1525 eum
1327 1476 1446 1548 aequa·

398 1582 482 1661 libus
515 1585 670 1667 maiorem
704 1586 863 1684 quondam
894 1589 962 1660 vim
994 1588 1120 1661 dicendi
1151 1612 1311 1687 quaerens
1339 1591 1448 1662 omnia

399 1746 499 1821 supra
518 1724 715 1823 ¹naturaleu'r'
743 1723 872 1798 modum
908 1726 1032 1820 auget,
1070 1716 1246 1821 verbisque
1280 1726 1318 1796 in·
1347 1721 1446 1798 rebus

399 1856 616 1937 mediocribus
655 1861 758 1933 utitur
793 1875 858 1932 tam
899 1860 1078 1955 splendidis
1100 1864 1154 1932 'ae
1191 1883 1302 1943 veram
1336 1882 1446 1951 rerum

399 1996 558 2073 rationem
592 1992 640 2069 ita
670 1995 927 2097 excedentibus,
966 2010 1003 2068 ut
1035 1995 1119 2069 haud
1145 2018 1242 2087 raro,
1280 1996 1446 2093 quamde

401 2129 529 2207 eximiis
556 2132 638 2205 viris
665 2130 762 2226 dieit9·
778 2224 781 2229 Ι
797 2131 946 2207 adulandi
967 2128 1123 2231 ¹speeiem¹
1141 2134 1284 2233 oderat,¹
1310 2131 1367 2205 ubi
1388 2136 1471 2207 vix·

383 2265 475 2365 ldie
503 2264 586 2342 vitio
620 2268 714 2343 loeus
732 2277 832 2343 terat.
884 2267 970 2344 Nam
1005 2275 1071 2365 qul¹
1094 2267 1262 2341 Tiberium
1296 2283 1331 2341 et
1355 2266 1447 2344 Seia·

399 2424 477 2477 uum
502 2426 603 2501 supra
628 2402 723 2476 fidem
751 2403 901 2495 extollit,
938 2397 1027 2477 idem
1049 2406 1168 2495 etiam,
1205 2418 1243 2478 ut
1264 2402 1325 2478 hoe
1356 2418 1447 2497 utar,-

398 2534 444 2631 11',
464 2538 529 2651 3l9
549 2543 586 2612 1.
629 2539 818 2637 Pompeium
843 2540 921 2614 dicit
940 2566 1010 2637 per
1036 2543 1148 2615 omm'a
1173 2544 1336 2615 merorem
1362 2566 1448 2617 aevo

400 2674 575 2769 dedalum
615 2675 668 2769 lt,
694 2677 765 2773 35,
791 2680 829 2751 1..
859 2675 1016 2752 Catonem
1042 2676 1179 2752 Vel-mo·
1196 2693 1293 2752 vocat
1313 2680 1450 2752 'somello'-

399 2837 487 2887 mum
511 2820 548 2887 et
566 2816 768 2910 peremnia
789 2817 929 2913 elegeram
951 2815 1019 2887 dett
1041 2839 1139 2911 quom
1158 2814 1350 2889 homenibus
1364 2839 1450 2913 pro·

396 2952 556 3045 plorem
578 2948 626 3038 -11,
646 2951 710 3041 66,
728 2951 766 3023 5.
785 2949 979 3024 Ciceronem
995 2964 1119 3024 tantum
1138 2952 1239 3024 luisse
1258 2951 1448 3047 profitetur,

400 3097 439 3156 ut
465 3085 568 3155 et'tt'us
589 3068 712 3159 muodo
729 3109 844 3184 genus
865 3085 1056 3178 domenum,
1085 3110 1184 3183 poam
1210 3087 1305 3160 illios
1327 3063 1448 3163 nomen

337 3257 341 3268 =
402 3242 578 3292 sessurum
604 3219 661 3296 sit.
707 3221 775 3294 Hae
802 3221 903 3318 igitur
923 3221 1035 3295 laudes
1055 3224 1084 3295 si
1110 3247 1174 3296 nou
1199 3223 1239 3295 ab
1267 3222 1449 3300 adulatione

399 3356 564 3451 profectae
593 3369 694 3449 suut,
718 3356 803 3455 quod
830 3381 941 3430 omnes
966 3359 1166 3450 concedent,
1197 3360 1371 3457 aequitatis
1397 3374 1451 3434 eet

400 3493 497 3566 etiam
531 3494 564 3564 iu
597 3493 659 3583 iis,
694 3495 727 3566 iu
755 3491 878 3591 ,paribus
903 3495 1084 3589 speciosior
1111 3496 1267 3593 quaedam
1298 3496 1448 3572 adulandi

399 3651 517 3701 caussa
537 3627 642 3702 videri
665 3644 807 3730 poterat,
835 3630 936 3703 multa
957 3633 1047 3723 stilo,
1075 3655 1138 3705 nou
1159 3633 1265 3704 animo
1286 3633 1447 3727 tribuere,

359 3731 365 3744 Χ
400 3761 519 3863 quippe
546 3789 629 3863 quae
654 3767 693 3840 ad
720 3766 897 3864 simplicem
923 3791 1060 3865 eumque
1080 3768 1208 3840 civilem
1231 3767 1360 3842 dicendi
1379 3795 1448 3843 mo·

399 3899 473 3972 dum
500 3896 653 3975 revocata
678 3905 786 4000 potius
812 3906 967 3979 vitiosum
995 3903 1156 3975 scribendi
1183 3928 1315 4001 genus,
1352 3929 1448 4004 ιῙιιιιιι

305 4049 308 4054 ’
398 4032 517 4105 humile
540 4038 724 4109 assentandi
748 4039 891 4111 studium
911 4038 1062 4133 prodent.
1105 4036 1172 4113 Sed
1196 4042 1345 4114 uolumus
1368 4042 1448 4115 haee

397 4147 531 4244 uberius
566 4174 734 4271 persequi.
797 4171 882 4249 Nam
915 4174 956 4246 ad
981 4172 1146 4249 Velleium
1178 4177 1373 4250 adulationis
1400 4182 1447 4252 in·

396 4307 484 4380 vidia
513 4283 710 4383 liberandum
742 4326 776 4385 et
811 4312 850 4384 ud
882 4333 998 4385 venum
1031 4312 1102 4384 eius
1129 4314 1322 4404 eonsilium,
1362 4314 1448 4411 quod

397 4441 430 4512 iu
471 4443 641 4520 scribendo
678 4450 709 4520 ei
740 4425 947 4547 propositum
984 4450 1064 4540 luit,
1103 4450 1330 4523 illustrandum
1367 4453 1447 4526 satis

292 4630 294 4635 -
397 4576 514 4651 dietum
535 4594 627 4673 puto.
