3667 5425
616 780 678 845 llll
708 769 908 847 innubit
942 771 1068 848 llud.
1283 778 1365 854 xltu

313 912 483 1047 amplioris
511 950 619 1047 operis
645 907 808 1045 edidisse,
835 976 936 1049 quam·
957 975 1093 1048 prorsus
1117 953 1307 1048 imparatum
1322 926 1362 1031 ad

312 1084 522 1161 scribendum
556 1089 738 1159 accessisse
771 1101 806 1160 et
838 1088 925 1183 turpi
961 1090 1104 1161 vanitate
1138 1086 1256 1163 librum
1289 1116 1361 1187 pro·

311 1226 461 1312 misisse,
485 1220 526 1293 de
547 1221 834 1319 quo'conliciendo
858 1214 1019 1319 nunquam
1047 1226 1220 1321 copp‘taret.
1260 1225 1363 1302 Cuius
1443 1236 1447 1243 ”

312 1359 500 1432 sententiae
529 1356 615 1432 baud
648 1358 722 1431 leve
755 1370 982 1455 argumentum
1015 1358 1076 1432 boc
1106 1330 1236 1454 babeo,
1277 1362 1363 1460 quod

312 1496 388 1568 inde
416 1492 458 1567 ab
484 1516 525 1565 ea
546 1493 703 1567 historiae
728 1493 891 1567 Romanae
919 1502 1033 1590 partc',
1061 1494 1116 1568 ubi
1141 1494 1227 1569 bella
1252 1500 1363 1573 civilia

311 1632 449 1727 attigit,
488 1626 652 1724 copiosior
685 1628 723 1701 lit
759 1633 793 1702 in
824 1630 985 1703 narrando
1012 1643 1047 1702 et
1072 1645 1182 1726 aperte
1209 1630 1363 1709 maiorem
1448 1727 1451 1733 Ι

312 1748 474 1865 quandam
503 1764 704 1861 diligentiam
732 1779 831 1862 atque
858 1764 1039 1837 ubertatem
1066 1767 1098 1838 in
1132 1768 1172 1839 iis
1199 1769 1362 1865 explican-

313 1902 365 1975 dis
393 1897 558 1992 ostendit,
587 1924 670 1997 quae
697 1900 738 1973 ad
759 1900 946 1995 parandum.
962 1925 999 1972 ac
1026 1900 1250 1975 stabiliendum
1265 1907 1362 2001 prin·

315 2040 461 2134 cipatnm
491 2038 671 2133 pertinent.
736 2034 830 2128 Quod
864 2035 950 2109 unde
977 2036 1097 2110 lactum
1123 2039 1167 2110 sit
1191 2036 1286 2111 valde
1313 2054 1364 2116 est

313 2176 350 2247 in
382 2186 557 2268 promptu3
592 2172 741 2245 nimirum
771 2173 804 2244 in
837 2170 999 2266 prioribus
1036 2172 1116 2244 alios
1152 2186 1285 2247 secutus
1312 2166 1366 2250 cst

314 2324 494 2413 auctores,
537 2308 571 2379 in
604 2306 840 2403 posterioribus
872 2308 944 2401 ipse
979 2308 1100 2401 paratis
1129 2306 1259 2382 auxiliis
1276 2302 1364 2386 'usus

315 2460 382 2519 est.
439 2432 723 2517 Ceterum'mortc
750 2440 882 2517 videtur
903 2457 1102 2537 praeventus
1131 2445 1255 2538 fuisse,
1285 2470 1364 2544 quo·

316 2583 423 2655 minus
452 2579 623 2652 consilium
646 2603 742 2652 suum
768 2566 1028 2689 exsequeretur3
1063 2602 1136 2651 nam
1160 2603 1197 2652 rc
1225 2584 1364 2657 veroin

317 2717 481 2815 publicum
498 2694 658 2789 ¹emisisse
684 2739 767 2813 quac
792 2716 897 2788 animo
924 2710 1086 2812 agitavit,
1121 2740 1186 2787 non
1213 2731 1265 2788 est
1290 2742 1364 2814 pro·

320 2853 446 2945 babile,
482 2875 581 2951 quum
607 2851 730 2926 nullum
755 2875 869 2926 corum
894 2863 1007 2924 exstet
1030 2847 1113 2944 apud
1140 2854 1366 2946 grammaticos

321 2991 510 3088 vestigium.
923 2993 925 2998 '

420 3125 500 3200 Non
532 3124 636 3220 magis
670 3122 710 3196 dc
737 3124 840 3219 ipsius
870 3126 962 3198 exitu
990 3135 1138 3219 constat,
1176 3144 1366 3221 quamquam

323 3262 456 3359 Lipsius
482 3274 518 3333 et
541 3253 730 3332 Dodwellus
763 3259 796 3332 in
822 3255 1003 3336 Annalibus
1028 3260 1211 3335 Vellcianii
1238 3261 1270 3354 ξ.
1301 3262 1372 3334 30.·

326 3399 512 3472 coniectura
535 3395 786 3490 reperisse'sibi
816 3396 1001 3488 visisunt,
1037 3420 1110 3469 eum
1136 3392 1249 3468 Seiani
1275 3397 1368 3469 ruina

329 3535 417 3606 simul
451 3553 526 3606 eum
559 3523 702 3628 plurimis
731 3556 775 3604 cx
808 3533 879 3605 eins
913 3534 1028 3606 amicis
1054 3556 1246 3628 oppressum
1277 3556 1364 3605 esse.

332 3666 417 3760 Quae
451 3667 616 3742 sententia
649 3669 796 3764 quamuis
832 3671 935 3762 primo
969 3682 1105 3764 aspectu
1132 3647 1269 3762 babeat,
1305 3691 1368 3765 quo

331 3804 592 3911 commendetur,
639 3803 715 3899 quia
746 3802 897 3878 Velleius
941 3803 1031 3875 illum
1075 3802 1223 3874 maximis
1264 3801 1395 3884 allecit¹

331 3941 498 4032 laudibus,
526 3953 633 4012 tamen
657 3938 826 4012 admodum
846 3935 942 4013 dubia
968 3953 1043 4029 est,
1071 3962 1108 4010 ac
1133 3961 1245 4034 parum
1272 3940 1371 4012 certis

332 4077 440 4150 nititur
470 4073 665 4149 rationibus.
720 4073 862 4149 Primum
893 4077 978 4149 enim
1004 4077 1077 4150 illae
1104 4073 1213 4149 Seiani
1242 4075 1370 4167 laudes,

332 4213 402 4284 licet
432 4211 612 4284 vilissimae
638 4210 811 4284 videantur
836 4225 871 4285 ct
894 4211 1061 4303 abiectae,
1099 4214 1145 4283 ita
1171 4217 1372 4306 comparatae

332 4361 426 4438 sunt,
462 4361 502 4419 ut
527 4346 622 4417 lacilc
647 4359 822 4441 appareat,
857 4345 1023 4422 Velleium
1053 4371 1183 4420 nonen
1213 4344 1373 4416 extulisse

330 4482 497 4574 Seianum,
526 4481 613 4578 qnod
638 4483 709 4577 ipse
736 4483 807 4555 eius
834 4483 979 4556 levorem
1007 4496 1098 4555 esset
1120 4493 1291 4579 expertus,
1319 4492 1376 4552 aut

329 4635 365 4694 ut
390 4619 530 4694 ambiret
554 4619 711 4715 gratiam,
745 4613 804 4692 sed
829 4611 913 4694 bunc
941 4616 1100 4695 laudando
1126 4615 1294 4695 Tiberium
1322 4637 1374 4687 ce·

1128 4753 1154 4824 2
