3667 5425
413 741 470 802 Xll
651 736 1040 800 Pnotuuontuut.
1085 738 1170 800 CAP.
1195 740 1217 799 1.

412 923 557 981 tororum
592 905 700 980 elucet
733 931 777 978 ex
809 909 874 995 iis,
906 927 989 1001 quae
1024 919 1138 978 auctor
1170 908 1272 978 variis
1307 907 1390 979 locis
1417 908 1457 981 dc

413 1045 559 1141 egregiis
574 1019 772 1115 Graecorum
786 1040 1047 1115 etllonrenorurn
1058 1043 1278 1138 'scriptoribus
1298 1043 1457 1138 disputet,
1496 1119 1501 1125 ,

368 1215 373 1234 ·
411 1181 509 1255 velut
527 1179 558 1269 1,
583 1179 621 1250 3.
645 1178 685 1250 de
712 1180 848 1274 tragicis
874 1180 1037 1273 graecis,
1064 1179 1092 1269 l,
1122 1180 1159 1250 5.
1189 1178 1229 1251 de
1255 1178 1458 1252 llourcroct

287 1326 297 1354 ‘
412 1311 630 1405 Archilocho,
663 1313 702 1405 l,
725 1314 764 1386 7.
801 1313 841 1386 de
869 1313 1036 1408 Hesiodo,
1070 1315 1109 1405 l,
1138 1317 1200 1387 16.
1229 1316 1269 1387 de
1293 1318 1399 1411 poetis
1424 1331 1458 1389 et

320 1438 325 1457 ⁸
412 1451 610 1549 philosophis
634 1451 785 1545 graecis,
811 1451 839 1540 l,
871 1449 933 1522 17.
960 1451 1001 1545 de
1026 1453 1131 1545 poetis
1158 1454 1297 1524 scenicis
1324 1437 1360 1524 ct
1384 1463 1456 1526 ore·

413 1589 537 1662 toribus
572 1588 702 1677 latinis,
739 1586 769 1677 l,
799 1589 860 1658 18.
886 1587 926 1658 de
951 1611 1142 1682 grnecuum
1167 1589 1297 1662 urbium
1322 1590 1455 1663 illustri·

410 1725 472 1798 hus
499 1724 655 1820 ingeniis,
682 1722 885 1814 lt,9.cc11,
904 1724 967 1795 36.
998 1723 1037 1796 de
1060 1724 1272 1820 scriptoribus
1296 1739 1331 1797 et
1350 1726 1455 1821 poetis

411 1861 540 1950 latinis,
564 1858 696 1932 diverso¹
711 1861 865 1954 temporis
890 1860 994 1955 spatio
1021 1861 1053 1932 in
1075 1885 1135 1933 sno
1159 1884 1281 1958 genere
1305 1863 1452 1935 eximiis.

364 2094 368 2105 ῃ
411 1996 538 2090 Quibus
573 1995 669 2066 locis
690 1993 837 2066 omnihus
874 2019 1065 2091 quamquem
1097 1997 1204 2070 ohitcr
1236 1998 1454 2072 tantummodo

344 2100 347 2107 ¹
411 2133 450 2207 de
475 2133 613 2230 singulis
638 2130 720 2226 egit,
748 2150 854 2227 neque
878 2132 935 2203 teli
961 2137 1104 2205 cure'ee
1127 2136 1350 2231 persequitur,
1375 2158 1455 2232 qua·

410 2271 452 2342 lis
470 2269 511 2343 uh
535 2281 687 2341 accurato
713 2267 868 2339 historiae
892 2267 1075 2342 litterarum
1097 2254 1257 2366 scriptore
1276 2270 1454 2346 adhihenda

411 2421 477 2502 est,
504 2419 612 2478 temen
634 2405 748 2500 negari
771 2404 884 2500 nequit
899 2405 970 2476 sine
987 2401 1093 2478 multu¹
1105 2420 1139 2480 et
1153 2406 1299 2503 diligenti
1313 2409 1453 2482 lectione

409 2568 450 2617 ne
480 2542 561 2615 lianc
597 2538 725 2637 quidem
757 2542 906 2639 quumvis
932 2541 1039 2614 levem
1065 2545 1260 2639 seriptonrm
1288 2546 1452 2618 recensio·

284 2696 290 2703 “
408 2704 482 2754 nem
514 2676 642 2752 institui
675 2677 843 2772 potuisse,
875 2700 939 2773 qna
973 2675 1123 2753 Velleius
1155 2683 1451 2776 praestantissimos

408 2815 609 2914 antiquitatis
645 2814 823 2908 scriptores
859 2814 1047 2910 complexus
1074 2830 1138 2889 cst.
1193 2815 1260 2891 Sed
1285 2841 1384 2916 quum
1409 2820 1451 2892 si·

408 2955 475 3027 mul
500 2975 615 3024 sonum
640 2963 676 3022 ct
702 2934 870 3023 suhectunr
906 2952 1058 3025 iudicium
1084 2953 1199 3048 produt
1224 2957 1258 3027 in
1284 2956 1325 3028 iis
1352 2957 1452 3047 nesti·

408 3088 546 3177 mundis,
566 3087 719 3181 'prolecto
741 3084 981 3201 concedendum
1004 3101 1071 3179 est,
1100 3112 1175 3162 eum
1192 3090 1285 3164 houd
1310 3087 1451 3165 content·

407 3224 546 3334 nendum
574 3221 716 3296 studium
742 3221 775 3293 in
806 3221 848 3292 iis
874 3223 1112 3317 cognoscendis
1134 3207 1311 3321 posuisse,
1348 3242 1383 3301 et
1408 3251 1453 3301 ox

326 3453 333 3463 „
407 3364 478 3459 ipsu
493 3334 645 3432 lectione
677 3356 848 3446 hausisse,
873 3366 965 3452 'queo
999 3358 1114 3462 obiter¹
1132 3377 1166 3435 et
1194 3363 1228 3437 in
1260 3378 1452 3437 transcursu

408 3495 608 3570 observavit.
678 3491 802 3584 Quare
821 3489 1006 3588 Souppius,
1048 3496 1080 3567 in
1111 3500 1230 3571 ceteris
1264 3502 1450 3573 acutissime

405 3632 528 3709 Velleii
561 3630 729 3726 ingenium
758 3642 953 3720 essecutus,
993 3631 1027 3703 io
1059 3656 1098 3704 co
1126 3657 1236 3707 errore
1262 3636 1393 3709 videtur
1417 3651 1452 3711 ct

407 3770 549 3868 iniquius
571 3766 729 3857 iudicare,
760 3765 844 3863 quod
869 3767 960 3840 illurn
985 3768 1104 3864 ineptis
1121 3770 1285 3865 doctrinae
1305 3772 1449 3864 lusibus,

406 3907 522 4003 quibus
539 3903 694 3977 Tiberius
721 3926 758 3974 se
782 3902 945 3974 oblectere
972 3904 1112 3995 solehut,
1140 3920 1320 4000 permotum
1346 3910 1450 3982 luisse

406 4041 496 4131 dicit,
524 4050 562 4110 ut
586 4036 741 4110 historice
754 4034 917 4109 Romanae
942 4039 1016 4110 illos
1043 4040 1134 4113 locos
1152 4042 1191 4115 de
1211 4046 1329 4118 litteris
1347 4044 1450 4118 Grec.

404 4179 455 4251 cis
489 4166 534 4248 et*
554 4172 681 4247 Latinis
716 4175 899 4266 insereret,
940 4197 977 4246 v.
1005 4174 1095 4248 Mos.
1126 4177 1240 4253 Turio.
1269 4206 1301 4253 a.
1335 4183 1447 4267 1837.

282 4305 285 4310 ’
404 4314 434 4403 l,
451 4314 490 4384 2.
509 4338 542 4408 p.
562 4308 649 4383 172.
702 4307 787 4384 Nem
814 4310 900 4406 quod
926 4310 1022 4387 huius
1049 4318 1230 4389 sententiae
1256 4315 1451 4393 Suetonium

404 4445 515 4519 landet
554 4460 741 4540 nectorem,
780 4446 860 4520 nihil
900 4421 984 4543 opud
1025 4449 1109 4525 huuc
1148 4456 1334 4548 reperitur,
1383 4478 1448 4553 quo

406 4583 512 4678 opinio
539 4583 602 4655 istu
625 4583 680 4657 rel
705 4581 812 4680 eliqua
837 4609 881 4658 ex
903 4598 995 4681 perte
1020 4588 1241 4664 confirmetur.
1279 4591 1450 4680 Hoc-chilo
