3667 5425
793 716 1063 801 PRAEFATIO.⁹
1163 734 1169 741 ’
1402 758 1438 805 xl
1473 778 1475 783 .

401 898 505 975 unice
538 922 717 1000 agerem,
759 908 1004 998 attextum,
1047 902 1090 977 in
1122 912 1305 1001 quantum
1336 934 1438 986 nunc

398 1052 497 1120 certe
533 1045 619 1117 fieri
653 1051 801 1144 potest,
848 1047 1078 1122 exhiberem
1098 1049 1442 1150 castigatissimum

397 1196 435 1262 et
464 1213 584 1286 quam
616 1191 794 1289 proxime
828 1193 880 1264 ad
903 1192 1108 1293 genuinam
1133 1194 1303 1270 formam
1327 1221 1444 1274 acce-·

397 1334 565 1408 dentem.
595 1333 649 1407 :In
670 1359 747 1432 quc
773 1359 892 1433 quum
917 1337 991 1411 hoo
1015 1338 1127 1412 nobis
1147 1340 1289 1440 negotii
1308 1342 1443 1418 datum·

393 1476 668 1573 indicaremus,
708 1485 752 1551 ut
785 1481 951 1555 auctoris
986 1483 1107 1556 verba
1149 1508 1265 1581 quam
1295 1485 1441 1562 firmis··
1474 1520 1476 1525 ·

393 1622 489 1697 simo
526 1632 877 1722 superstrueremus
906 1625 1190 1720 fundamento,
1231 1654 1307 1724 quc
1341 1631 1438 1708 haec
1475 1646 1480 1657 '

393 1767 511 1842 editio
534 1768 739 1842 meliorem
771 1768 935 1842 haberet
968 1794 1085 1867 quam
1107 1770 1271 1869 priores
1303 1798 1438 1853 omnes

393 1936 507 1985 usum
542 1910 740 2004 criticum,
790 1911 890 1987 hano
926 1915 1119 1991 rationem
1151 1914 1352 2014 inivimus,
1390 1929 1436 1998 ut
1474 1968 1476 1973 ·

396 2055 533 2129 omissa
552 2055 870 2155 interpretatione
892 2065 1094 2157 perpetua,
1120 2058 1201 2134 ie.
1227 2066 1438 2141 sententia-·

392 2223 498 2293 rum,
533 2223 668 2273 rerum
700 2206 752 2273 et·
765 2201 978 2276 verborum
1003 2203 1257 2300 explicatione
1282 2212 1434 2285 nonolr
1528 2196 1532 2205 ¹

391 2344 560 2420 rationes
591 2343 741 2419 casas
772 2344 963 2439 instituta,
997 2345 1111 2419 nnn.
1125 2345 1166 2420 a
1195 2355 1347 2427 textum
1371 2374 1436 2431 roa
1481 2322 1485 2330 ’

394 2490 629 2588 ciperemus,
663 2489 779 2585 quod·
798 2490 900 2562 unde
935 2489 1108 2565 fluxisset
1130 2502 1214 2566 non¹
1233 2505 1433 2577 constaret.

392 2636 521 2735 Quare
552 2632 698 2731 ubique
731 2633 1010 2709 accuratissime
1044 2634 1225 2709 lectiones
1256 2640 1435 2721 ¹editionis

395 2779 587 2881 principis,
612 2754 765 2852 Burerii
786 2786 825 2852 et
842 2778 1091 2853 Amerbachii
1111 2782 1360 2881 enatavimus,
1384 2791 1441 2864 ne'
1478 2809 1480 2814 '

392 2925 552 3000 minima
583 2923 740 3049 quidem
774 2922 1024 3020 discrepantia
1053 2922 1243 3023 neglecta,
1286 2926 1341 3002 ite
1376 2941 1439 3029 ut,

391 3070 459 3143 uhi
482 3068 580 3142 nihil
605 3073 827 3142 annotatum
844 3075 913 3161 est,
933 3090 980 3141 ea
1001 3091 1064 3141 res
1081 3067 1225 3144 indicio
1249 3072 1309 3168 ait,
1327 3076 1434 3152 Rha„
1484 3087 1486 3091 '

391 3239 553 3307 nanum,
589 3212 793 3286 Burerium
826 3218 865 3285 et
889 3210 1187 3290 Amerbachium
1217 3216 1258 3291 in
1280 3230 1434 3323 recepta

392 3359 554 3434 lectione
579 3356 809 3432 consentire.

492 3505 700 3578 Praeterea
725 3499 893 3574 studiose
913 3500 1134 3602 collegimus
1151 3502 1325 3601 priormn
1349 3509 1437 3584 edi-·
1533 3519 1535 3524 ’
1573 3545 1574 3549 ¹

394 3654 522 3721 torum
560 3671 605 3721 ac
648 3648 848 3720 doctorum
880 3644 1083 3720 hominum
1121 3648 1361 3728 coniecturas
1395 3664 1434 3730 et
1509 3639 1515 3651 ’

394 3791 677 3866 emendationes
710 3812 864 3881 omnes,
901 3796 1088 3886 quotquot
1119 3792 1232 3865 nobis
1255 3793 1433 3869 innotue-

393 3944 498 4031 runt,
521 3936 563 4009 in
590 3961 666 4034 quo
686 3933 900 4035 gratissimo
921 3930 1049 4005 animo
1065 3934 1290 4033 profitemur
1309 3943 1433 4018 mrdta

394 4107 462 4155 nos
498 4082 639 4155 debere
675 4078 835 4179 egregiis
859 4076 954 4151 viris
979 4077 1208 4157 Bardilic
1234 4086 1440 4182 Uraeensi,
1550 4153 1568 4165 .

392 4226 583 4300 Halmio
627 4222 821 4322 Spirensi,
869 4219 1116 4323 Iaccbaio,
1169 4228 1439 4324 Seehodio,

392 4361 1012 4468 WuestemanncGothanis,
1044 4370 1220 4446 Haasio
1247 4371 1433 4448 vratisla-

390 4514 778 4617 vicnsi,.Bergkio
802 4517 1026 4611 Casselano,
1061 4516 1340 4593 Kraeutero
1363 4517 1432 4591 vi·
1521 4493 1531 4508 ’
