3667 5425
483 726 577 822 nunt
728 732 1122 799 rnonueomnna·
1154 731 1238 797 car.
1260 733 1300 796 n.

486 906 654 981 celeritate
667 955 678 996 ,
714 926 779 1000 qua
803 926 889 999 opus
922 906 954 976 ei
978 900 1211 976 conficiendum
1237 901 1318 992 luit,
1351 916 1443 975 certe
1469 903 1526 981 ali·

484 1066 548 1140 quo
572 1039 667 1114 modo
693 1039 836 1131 dixisse,
864 1039 954 1135 quod
977 1042 1010 1113 in
1039 1041 1158 1113 maimc
1186 1040 1251 1137 otio
1276 1038 1392 1117 melius
1418 1038 1527 1115 dicere

341 1162 344 1167 ¹
482 1192 623 1275 poterat.
683 1175 777 1249 Alias
803 1174 939 1247 eandem
964 1173 1005 1248 ob
1031 1198 1179 1247 caussam
1205 1176 1346 1247 accessit
1369 1152 1411 1247 ad
1437 1176 1526 1249 lami·

480 1314 572 1387 liaris
607 1311 767 1385 sermonis
803 1311 1054 1406 negligentiam,
1099 1312 1192 1383 cuius
1227 1325 1344 1385 natura
1378 1334 1526 1407 magneta

481 1461 607 1544 partem
637 1471 677 1520 eo
712 1460 862 1537 constat,
899 1445 984 1542 quod
1016 1446 1168 1522 nonnulla
1193 1446 1249 1519 vel
1273 1445 1446 1521 divinanda
1471 1447 1526 1525 vol

479 1583 658 1681 supplenda
682 1584 893 1681 relinquimus
915 1584 981 1673 iis,
1009 1585 1065 1677 qui
1085 1582 1240 1673 audiunt,
1268 1581 1308 1693 de
1331 1581 1444 1655 verbis
1467 1585 1525 1655 mi·

324 1758 364 1792 ,ι
482 1743 543 1797 nus
577 1721 690 1810 anxii,
725 1721 754 1792 si
786 1717 880 1791 modo
906 1717 963 1809 id,
999 1719 1084 1813 quod
1109 1718 1284 1809 volumus,
1317 1718 1389 1813 ipsa
1414 1742 1526 1793 rerunt

467 1870 597 1930 natma
616 1878 653 1927 ac
675 1818 910 1937 sentiarum
930 1876 1020 1926 nexu
1044 1854 1222 1927 intellectui
1240 1866 1345 1950 patet.
1366 1878 1403 1927 v.
1417 1854 1522 1929 lndic.

478 2014 514 2064 v.
539 1990 664 2085 scmc’l.
693 2006 800 2063 serm.
861 1987 998 2062 Omnino
1031 2003 1140 2083 antem
1175 1990 1331 2063 universa
1358 1976 1524 2081 ,orationis

479 2125 604 2200 indoles
630 2124 773 2201 ostendit
795 2126 910 2197 leirene
932 2124 1087 2218 defuere
1111 2096 1223 2221 dpem‘,
1252 2148 1358 2221 neque
1384 2150 1523 2223 vacasse

479 2264 606 2335 auctori
621 2260 840 2333 detrectandis
867 2272 965 2357 atque
992 2259 1215 2357 expoliendis,
1244 2284 1326 2357 quae
1347 2261 1446 2334 celeri
1470 2287 1522 2336 eu·

478 2396 562 2469 lamo
593 2397 792 2491 scripserat,
829 2395 1058 2491 perlectionem
1092 2396 1226 2469 formam
1254 2395 1336 2469 libro
1370 2397 1520 2473 induere.

476 2531 513 2604 Id
544 2532 682 2626 primum
713 2533 911 2627 perspicitur
945 2556 988 2604 ex
1020 2532 1125 2605 nimis'
1147 2531 1262 2604 erebro
1295 2534 1523 2609 nonnullarum

397 2735 400 2742 .
446 2680 449 2685 ’
476 2690 595 2744 uocum
622 2678 718 2765 atque
744 2667 943 2741 locutionum
968 2691 1052 2763 usn,
1079 2691 1213 2765 quarum
1237 2682 1364 2765 partem
1389 2669 1523 2768 collegit

445 2855 448 2860 -
477 2806 640 2900 Sauppius
667 2804 700 2877 in
724 2803 813 2879 Mus.
842 2802 938 2878 Heln.
966 2804 996 2895 l,
1021 2806 1061 2878 2.
1088 2829 1122 2899 p.
1140 2805 1226 2879 176.
1289 2804 1345 2879 Ex
1368 2805 1430 2878 hoe
1462 2831 1519 2904 ge·

368 3027 372 3032 Ι
476 2962 555 3010 nere
589 2953 642 3011 est
674 2950 715 3011 ut
731 2940 993 3034 proeda'm'mos,
1030 2940 1115 3037 quod
1146 2939 1243 3012 habet
1267 2940 1297 3032 Ι,
1322 2943 1386 3032 12,
1412 2945 1460 3037 1,
1488 2942 1519 3035 Ι,

479 3072 1516 3173 mmmmmnmmnmmnmm

473 3205 661 3301 u,oc‚r;
689 3206 877 3301 n‚7s,a;
905 3208 1516 3310 n,or,3;u‚oo‚1;u,oa,1;

470 3341 517 3436 ll,
547 3342 635 3432 125,
651 3343 714 3433 5.,
742 3366 806 3439 quo
830 3344 955 3419 aceedit
979 3346 1122 3419 relicuus
1146 3346 1292 3420 eiusdem
1314 3341 1412 3422 derbi
1433 3372 1518 3428 usus

314 3531 321 3538 .
472 3476 1512 3581 11,1,2;11,11,1;Π,29,1;Π,47,1;Π,76,2;

363 3647 372 3670 1
471 3609 516 3701 Π,
542 3612 606 3702 98,
628 3614 670 3705 1,
703 3611 748 3704 Π,
776 3614 863 3705 108,
882 3616 922 3688 2.
976 3615 1079 3689 Porro
1109 3617 1171 3690 huc
1203 3622 1349 3715 pertinet
1376 3621 1518 3696 formula

321 3833 326 3846 Ι
465 3770 536 3843 por
559 3749 692 3842 omacio,
722 3748 760 3822 de
783 3774 847 3846 qua
863 3775 900 3823 v.
923 3767 1065 3826 annotat.
1086 3753 1185 3844 adll,
1205 3755 1269 3846 30,
1292 3756 1330 3827 6.
1357 3780 1396 3828 re
1421 3781 1523 3852 prue-¹

468 3896 562 3954 terea
574 3884 693 3979 multae
707 3887 901 3979 particulae,
924 3890 1016 3963 velut
1036 3892 1175 3988 quippe,
1195 3912 1232 3962 v.
1249 3890 1302 3963 ad.
1321 3890 1512 3987 Π,15,1.,

468 4024 510 4086 ut
531 4018 680 4105 -.-·ito,
710 4040 746 4089 v.
774 4018 932 4094 Orellium
954 4022 1039 4117 adl,
1059 4024 1098 4113 6,
1118 4026 1155 4095 3.
1183 4028 1218 4099 c'n
1245 4036 1373 4100 tantum
1397 4069 1452 4086 ·-
1476 4031 1512 4104 ia

434 4152 648 4250 ,poectum
690 4154 725 4225 c'a
756 4164 884 4227 tmolum
912 4198 965 4212 —
998 4169 1054 4251 ot,
1092 4170 1159 4232 tum
1185 4203 1236 4216 -·
1270 4185 1392 4260 quom,
1426 4189 1513 4260 pro·

466 4288 580 4384 taos,
609 4309 692 4384 quae
720 4305 831 4363 omncs
857 4292 891 4363 in
918 4293 1000 4365 libro
1026 4293 1110 4367 haud
1135 4300 1243 4393 magni
1270 4298 1410 4372 ambitus
1438 4325 1513 4374 sae·

465 4420 540 4513 pido
567 4422 745 4520 leguntur,
781 4450 877 4527 quam
909 4430 942 4503 in
974 4431 1039 4505 ullo
1074 4403 1173 4528 opere
1206 4421 1352 4540 eiusdem
1384 4439 1512 4534 magni·

465 4551 599 4628 tudinis.
1238 4547 1264 4588 “²
