3667 5425
471 748 533 797 uu
853 720 1103 792 PRAEFATIO.

472 897 597 972 codex
620 894 703 996 ipse
727 902 855 971 autem
876 904 961 994 post
987 892 1194 968 editionem
1213 891 1428 994 principem
1450 899 1518 988 ty,

471 1040 530 1140 pis
557 1064 782 1139 expressam
807 1039 973 1114 infausto
1002 1063 1093 1115 casu
1123 1037 1343 1132 evanuerit,
1379 1036 1518 1112 amictu

470 1182 564 1265 lons,
584 1184 793 1284 scripturae
818 1183 891 1257 fuit
917 1183 1095 1283 princeps
1126 1182 1191 1258 illa
1221 1182 1340 1257 editio
1363 1205 1387 1257 a
1409 1182 1517 1256 Rhe-

471 1354 573 1405 nano
602 1337 746 1423 curata,
771 1328 834 1403 cui
859 1328 1037 1402 adiuncta
1063 1334 1120 1401 est
1139 1351 1242 1403 nova
1268 1324 1422 1402 collatio
1449 1351 1518 1402 eo·

474 1474 589 1568 dicis,
626 1498 649 1548 a
674 1472 835 1549 Burerio
866 1480 956 1547 ante
981 1475 1199 1574 evulgatum
1223 1479 1373 1545 textum
1398 1468 1516 1545 facta.

473 1618 559 1717 Quo
580 1617 725 1693 factum
748 1626 816 1712 est,
844 1627 885 1692 ut
903 1617 1076 1693 omnium
1092 1616 1323 1714 scriptorum
1338 1623 1519 1691 veterum

472 1763 575 1838 solus
610 1761 779 1838 Velleius
810 1788 890 1838 non
923 1760 1043 1861 possit
1078 1760 1274 1836 variarum
1311 1758 1519 1834 lectionum

475 1904 780 2005 comparatione,
807 1912 871 1980 aut
894 1905 1070 1979 codicum
1100 1903 1254 1978 familiis
1281 1903 1519 1978 constituen-

476 2047 535 2123 dis
570 2049 618 2125 ad
660 2047 911 2150 integriorem
950 2047 1119 2123 formam
1159 2045 1323 2122 reduci·
1372 2048 1522 2140 Quibus

474 2192 674 2293 praesidiis
699 2192 860 2288 criticis,
892 2215 1058 2290 <pronun
1081 2215 1171 2265 usus
1198 2191 1238 2265 in
1263 2191 1398 2266 ceteris
1420 2192 1520 2266 scri-

474 2336 648 2437 ptoribus
680 2336 871 2410 maximus
904 2345 986 2432 est,
1021 2360 1141 2433 quum
1173 2336 1285 2435 plane
1319 2335 1519 2410 destitutus

475 2481 543 2575 sit,
588 2479 656 2578 qui
687 2480 824 2555 Velleii
864 2481 1003 2554 edendi
1044 2480 1285 2578 provinciam
1323 2482 1519 2578 suscipere

474 2624 590 2720 velit,
623 2623 798 2724 profecte
830 2649 909 2699 non
941 2633 999 2699 est
1033 2625 1197 2720 mirum,
1240 2649 1325 2721 eos,
1366 2623 1435 2722 qui
1470 2626 1519 2699 da

476 2768 640 2868 antiquis
671 2767 808 2844 litteris
842 2769 944 2843 bene
959 2768 1117 2845 mereri
1153 2777 1358 2868 cuperent,
1393 2771 1520 2869 potius

475 2912 517 2987 in
543 2913 626 2988 aliis
652 2913 828 2988 omnibus
860 2912 1112 3012 scriptoribus
1149 2913 1406 2988 emundandis
1433 2915 1521 2988 illu-

475 3055 688 3131 strandisve
713 3079 872 3154 operam
897 3057 1083 3133 collocare
1108 3056 1307 3151 maluisse,
1334 3082 1452 3156 quam
1477 3057 1520 3132 in

476 3206 559 3276 tam
581 3199 684 3274 male
708 3199 846 3276 affecto
863 3207 1018 3276 auctore
1036 3199 1119 3275 sine
1140 3200 1270 3276 critica
1287 3202 1520 3301 supellectile

476 3342 619 3447 ingenii
643 3344 747 3418 vires
773 3344 889 3419 dubio
913 3368 1002 3419 cum
1026 3353 1167 3420 eventu
1192 3344 1415 3444 periclitari.

578 3488 646 3563 llis
669 3489 718 3563 de
745 3488 867 3562 causis
884 3486 1051 3562 Velleius
1075 3511 1198 3587 paene
1223 3488 1422 3590 sexaginta
1448 3514 1522 3565 an·

477 3656 547 3708 nos
579 3630 620 3706 in
655 3654 702 3707 ee
735 3639 837 3706 statu
861 3631 1092 3731 permansit,
1127 3658 1204 3732 quo
1227 3657 1278 3708 ex
1299 3632 1523 3708 Ruhnkenii

476 3787 593 3852 manu
628 3775 784 3877 prodiit.
840 3776 891 3852 At
925 3777 1048 3853 subito
1072 3802 1212 3879 magna
1235 3801 1281 3853 ac
1305 3777 1406 3852 laeta
1429 3802 1521 3851 mu-

476 3919 573 3995 tatio
598 3921 765 4014 exstitit,
802 3945 922 4017 quum
947 3920 1131 4015 Orellius‚
1168 3921 1334 3997 secunda
1365 3921 1522 3997 fortuna

476 4071 609 4139 nactas
658 4063 922 4164 apographum
972 4062 1112 4138 codicis
1161 4064 1420 4140 Murbaeensis
1470 4067 1522 4141 ab

477 4205 734 4283 Amerbachio
767 4206 930 4302 lactum,
963 4206 1076 4283 huius
1111 4217 1152 4283 et
1175 4208 1353 4284 editionis
1378 4209 1525 4311 princi-

475 4350 534 4451 pis
560 4376 653 4452 ope,
687 4350 945 4450 adhibitisque
977 4353 1310 4452 praestantissimis
1344 4353 1522 4431 virouun

475 4495 678 4572 doctorum
697 4495 1044 4591 emendationibus,
1070 4523 1213 4576 novam
1234 4506 1362 4573 textus
1383 4525 1522 4575 receu-
