3667 5425
533 1559 1121 1673 PRAEFATIO.

699 1863 963 1889 επὶ-

306 2051 462 2187 stood
490 2093 574 2160 tum
606 2086 647 2159 in
680 2086 763 2160 aliis
788 2086 1006 2162 litterarum
1034 2090 1227 2188 partibus,
1260 2096 1342 2162 tum

308 2229 346 2301 in
381 2230 628 2304 emendandis
669 2239 847 2306 veterrmr
892 2233 1123 2331 scriptorum
1161 2233 1342 2332 operibus

315 2397 417 2472 saepe
447 2375 604 2449 evenire
638 2373 1002 2470 animadvertimus,
1043 2385 1106 2471 ut,
1144 2401 1243 2474 qnae
1276 2378 1341 2449 din

318 2519 470 2614 neglecta
494 2518 696 2593 iacuerunt
719 2527 757 2592 et
780 2516 1185 2595 nullius‘intentiorem
1211 2546 1343 2595 curam

325 2670 463 2758 experta
495 2670 604 2757 sunt,
641 2670 800 2762 repente
840 2664 1050 2739 multorum
1081 2665 1185 2741 acria
1219 2666 1343 2741 studia

327 2807 513 2901 concitent,
540 2816 581 2881 et
604 2808 703 2882 intra
723 2808 843 2882 breve
867 2809 1050 2907 temporis
1070 2810 1233 2907 spatium
1257 2835 1343 2883 ma-

328 2944 392 3021 iora
424 2952 656 3026 moramenta
691 2950 839 3050 capiant
879 2977 924 3026 ac
957 2951 1131 3027 feliciore
1166 2979 1342 3028 successu

327 3103 614 3189 promoveantur,
652 3120 768 3193 quam
802 3096 912 3197 longa
938 3122 1126 3172 annorum
1151 3099 1273 3192 serie,
1299 3099 1340 3171 id

327 3232 360 3305 in
377 3241 510 3313 nullum
535 3239 763 3340 scriptorem
783 3242 903 3341 magis
931 3244 1128 3336 convenit,
1155 3267 1273 3340 qnam
1301 3242 1341 3315 in

327 3378 486 3459 Velleimn
506 3386 760 3459 Paterculmn.
814 3386 949 3460 Scirmt
982 3386 1055 3460 hoc
1081 3413 1236 3480 omnes,
1274 3388 1341 3483 qni

325 3527 355 3594 et
380 3538 558 3602 noverunt
592 3554 644 3603 ex
676 3536 818 3627 <planto
852 3537 1028 3628 tempore
1062 3556 1178 3627 qnam
1204 3556 1341 3629 parum

324 3666 360 3738 ad
381 3672 453 3747 eius
471 3674 595 3749 verba
612 3674 661 3747 ab
680 3673 909 3767 incredibili,
938 3698 1014 3770 qua
1038 3675 1227 3768 laborant,
1256 3700 1342 3749 cor-

322 3815 472 3911 nrptione
500 3818 729 3892 vindicanda
755 3843 778 3891 a
804 3817 898 3893 viris
925 3818 1046 3891 doctis
1075 3818 1125 3889 sit
1151 3818 1339 3911 coilatum,

321 3962 350 4027 et
367 3985 456 4055 quae
480 3960 667 4062 proximis
698 3963 804 4035 arinis
840 3962 965 4036 studia
989 3963 1244 4060 plurimorum
1269 3988 1341 4036 ex-

320 4106 479 4201 arserint,
519 4108 569 4181 ad
604 4108 808 4207 genuinam
847 4107 949 4181 male
991 4105 1127 4181 affecto
1166 4108 1341 4207 scriptori

318 4242 464 4326 sormam
500 4252 792 4326 restituendam.
856 4251 954 4325 Nam
994 4277 1114 4349 qurrm
1149 4260 1237 4325 ante
1268 4252 1340 4323 hos

315 4388 401 4489 ipsos
426 4394 625 4497 sexaginta
642 4421 760 4470 annos
775 4396 900 4471 David
915 4396 1169 4469 Ruhnkenius
1189 4394 1338 4468 ratione

313 4533 368 4612 ilio
399 4549 573 4641 tempore
604 4541 710 4617 haud
739 4540 906 4643 vulgari,
951 4562 1074 4640 eoque
1105 4538 1198 4616 satis
1238 4542 1342 4614 cele·
