<?xml version="1.0" encoding="UTF-8"?>
<!DOCTYPE html PUBLIC "-//W3C//DTD XHTML 1.0 Transitional//EN"
    "http://www.w3.org/TR/xhtml1/DTD/xhtml1-transitional.dtd">
<html xmlns="http://www.w3.org/1999/xhtml" xml:lang="en" lang="en">
 <head>
  <title>
</title>
<meta http-equiv="Content-Type" content="text/html;charset=utf-8" />
  <meta name='ocr-system' content='tesseract 3.04.00' />
  <meta name='ocr-capabilities' content='ocr_page ocr_carea ocr_par ocr_line ocrx_word'/>
</head>
<body>
  <div class='ocr_page' id='page_1' title='image "./mvelleipatercul01pategoog/mvelleipatercul01pategoog_0065.png"; bbox 0 0 3667 5425; ppageno 0'>
   <div class='ocr_carea' id='block_1_1' title="bbox 674 741 1548 821">
    <p class='ocr_par' dir='ltr' id='par_1_1' title="bbox 674 741 1548 821">
     <span class='ocr_line' id='line_1_1' title="bbox 674 741 1548 821; baseline 0.015 -13"><span class='ocrx_word' id='word_1_1' title='bbox 674 742 735 809; x_wconf 80' lang='lat' dir='ltr'><strong>nlt</strong></span> <span class='ocrx_word' id='word_1_2' title='bbox 763 741 966 809; x_wconf 84' lang='lat' dir='ltr'><strong>VELLEH</strong></span> <span class='ocrx_word' id='word_1_3' title='bbox 996 744 1167 811; x_wconf 81' lang='lat' dir='ltr'>OPERE.</span> <span class='ocrx_word' id='word_1_4' title='bbox 1344 810 1346 813; x_wconf 87' lang='lat'><em>.</em></span> <span class='ocrx_word' id='word_1_5' title='bbox 1374 749 1443 817; x_wconf 81' lang='lat' dir='ltr'><strong>xt1</strong></span> <span class='ocrx_word' id='word_1_6' title='bbox 1543 815 1548 821; x_wconf 90' lang='lat'>.</span> 
     </span>
    </p>
   </div>
   <div class='ocr_carea' id='block_1_2' title="bbox 388 890 1503 1434">
    <p class='ocr_par' dir='ltr' id='par_1_2' title="bbox 388 890 1503 1282">
     <span class='ocr_line' id='line_1_2' title="bbox 388 890 1503 1016; baseline 0.004 -29"><span class='ocrx_word' id='word_1_7' title='bbox 388 916 488 988; x_wconf 47' lang='lat' dir='ltr'><strong>&gt;etiam</strong></span> <span class='ocrx_word' id='word_1_8' title='bbox 515 937 536 986; x_wconf 84' lang='lat' dir='ltr'><strong>a</strong></span> <span class='ocrx_word' id='word_1_9' title='bbox 563 937 600 987; x_wconf 88' lang='lat' dir='ltr'><strong>se</strong></span> <span class='ocrx_word' id='word_1_10' title='bbox 627 914 700 1008; x_wconf 83' lang='lat' dir='ltr'><strong>ip&#39;sc</strong></span> <span class='ocrx_word' id='word_1_11' title='bbox 727 912 911 1011; x_wconf 76' lang='lat' dir='ltr'><strong>discrepat,</strong></span> <span class='ocrx_word' id='word_1_12' title='bbox 938 890 1154 1013; x_wconf 66' lang='lat' dir='ltr'><strong>quamqualld&#39;,</strong></span> <span class='ocrx_word' id='word_1_13' title='bbox 1192 929 1228 987; x_wconf 88' lang='grc' dir='ltr'><strong>ιι</strong></span> <span class='ocrx_word' id='word_1_14' title='bbox 1254 915 1346 990; x_wconf 89' lang='lat' dir='ltr'><strong>nubis</strong></span> <span class='ocrx_word' id='word_1_15' title='bbox 1370 921 1440 1016; x_wconf 88' lang='lat' dir='ltr'><strong>qni·</strong></span> <span class='ocrx_word' id='word_1_16' title='bbox 1466 922 1503 1003; x_wconf 66' lang='lat' dir='ltr'><strong>s„</strong></span> 
     </span>
     <span class='ocr_line' id='line_1_3' title="bbox 393 1014 1500 1146; baseline 0.004 -23"><span class='ocrx_word' id='word_1_17' title='bbox 393 1050 466 1123; x_wconf 83' lang='lat' dir='ltr'><strong>dean</strong></span> <span class='ocrx_word' id='word_1_18' title='bbox 490 1049 647 1141; x_wconf 85' lang='lat' dir='ltr'><strong>videtur,</strong></span> <span class='ocrx_word' id='word_1_19' title='bbox 675 1074 811 1146; x_wconf 84' lang='lat' dir='ltr'><strong>prensus</strong></span> <span class='ocrx_word' id='word_1_20' title='bbox 832 1050 897 1124; x_wconf 87' lang='lat' dir='ltr'><strong>aliu</strong></span> <span class='ocrx_word' id='word_1_21' title='bbox 920 1051 1039 1140; x_wconf 84' lang='lat' dir='ltr'><strong>modu,</strong></span> <span class='ocrx_word' id='word_1_22' title='bbox 1068 1032 1163 1146; x_wconf 62' lang='lat' dir='ltr'><strong>quidm</strong></span> <span class='ocrx_word' id='word_1_23' title='bbox 1182 1049 1383 1126; x_wconf 72' lang='lat' dir='ltr'>Laurentius</span> <span class='ocrx_word' id='word_1_24' title='bbox 1409 1054 1442 1127; x_wconf 95' lang='lat' dir='ltr'><strong>in</strong></span> <span class='ocrx_word' id='word_1_25' title='bbox 1492 1014 1500 1031; x_wconf 31' lang='lat'>³</span> 
     </span>
     <span class='ocr_line' id='line_1_4' title="bbox 393 1185 1128 1282; baseline -0.001 -23"><span class='ocrx_word' id='word_1_26' title='bbox 393 1187 504 1260; x_wconf 81' lang='lat' dir='ltr'><strong>Fastis</strong></span> <span class='ocrx_word' id='word_1_27' title='bbox 532 1185 758 1258; x_wconf 81' lang='lat' dir='ltr'><strong>cunstdaniluas</strong></span> <span class='ocrx_word' id='word_1_28' title='bbox 785 1188 966 1282; x_wconf 79' lang='lat' dir='ltr'><strong>capitolinis</strong></span> <span class='ocrx_word' id='word_1_29' title='bbox 999 1188 1128 1259; x_wconf 84' lang='lat' dir='ltr'><strong>statuit.</strong></span> 
     </span>
    </p>

    <p class='ocr_par' dir='ltr' id='par_1_3' title="bbox 466 1307 1441 1434">
     <span class='ocr_line' id='line_1_5' title="bbox 466 1307 1441 1434; baseline 0.002 -38"><span class='ocrx_word' id='word_1_30' title='bbox 466 1320 584 1434; x_wconf 34' lang='lat' dir='ltr'><strong>‘Nam</strong></span> <span class='ocrx_word' id='word_1_31' title='bbox 610 1344 708 1418; x_wconf 87' lang='lat' dir='ltr'><strong>quum</strong></span> <span class='ocrx_word' id='word_1_32' title='bbox 734 1322 816 1395; x_wconf 87' lang='lat' dir='ltr'><strong>duae</strong></span> <span class='ocrx_word' id='word_1_33' title='bbox 839 1325 984 1396; x_wconf 84' lang='lat' dir='ltr'><strong>rationes</strong></span> <span class='ocrx_word' id='word_1_34' title='bbox 1012 1324 1078 1395; x_wconf 91' lang='lat' dir='ltr'><strong>sint</strong></span> <span class='ocrx_word' id='word_1_35' title='bbox 1102 1347 1212 1396; x_wconf 85' lang='lat' dir='ltr'><strong>nerum</strong></span> <span class='ocrx_word' id='word_1_36' title='bbox 1226 1307 1441 1398; x_wconf 80' lang='lat' dir='ltr'><strong>Rdnnanarunn</strong></span> 
     </span>
    </p>
   </div>
   <div class='ocr_carea' id='block_1_3' title="bbox 393 1438 1553 2113">
    <p class='ocr_par' dir='ltr' id='par_1_4' title="bbox 393 1438 1553 2113">
     <span class='ocr_line' id='line_1_6' title="bbox 394 1438 1441 1557; baseline 0.001 -26"><span class='ocrx_word' id='word_1_37' title='bbox 394 1481 494 1531; x_wconf 84' lang='lat' dir='ltr'><strong>annus</strong></span> <span class='ocrx_word' id='word_1_38' title='bbox 515 1457 721 1549; x_wconf 83' lang='lat' dir='ltr'><strong>numerandi,</strong></span> <span class='ocrx_word' id='word_1_39' title='bbox 743 1465 879 1557; x_wconf 75' lang='lat' dir='ltr'><strong>quarum</strong></span> <span class='ocrx_word' id='word_1_40' title='bbox 896 1459 997 1533; x_wconf 83' lang='lat' dir='ltr'><strong>altera</strong></span> <span class='ocrx_word' id='word_1_41' title='bbox 1012 1456 1196 1534; x_wconf 79' lang='lat' dir='ltr'><strong>Varronem</strong></span> <span class='ocrx_word' id='word_1_42' title='bbox 1214 1458 1312 1533; x_wconf 85' lang='lat' dir='ltr'><strong>habet</strong></span> <span class='ocrx_word' id='word_1_43' title='bbox 1332 1438 1441 1534; x_wconf 85' lang='lat' dir='ltr'><strong>ancto-</strong></span> 
     </span>
     <span class='ocr_line' id='line_1_7' title="bbox 393 1582 1524 1690; baseline 0.001 -23"><span class='ocrx_word' id='word_1_44' title='bbox 393 1617 485 1684; x_wconf 83' lang='lat' dir='ltr'><strong>rem,</strong></span> <span class='ocrx_word' id='word_1_45' title='bbox 521 1593 578 1690; x_wconf 85' lang='lat' dir='ltr'><strong>qui</strong></span> <span class='ocrx_word' id='word_1_46' title='bbox 603 1591 718 1665; x_wconf 88' lang='lat' dir='ltr'><strong>unbem</strong></span> <span class='ocrx_word' id='word_1_47' title='bbox 736 1591 790 1666; x_wconf 85' lang='lat' dir='ltr'><strong>Ol.</strong></span> <span class='ocrx_word' id='word_1_48' title='bbox 807 1592 874 1685; x_wconf 70' lang='lat' dir='ltr'><strong>Vl,</strong></span> <span class='ocrx_word' id='word_1_49' title='bbox 893 1596 931 1666; x_wconf 83' lang='lat'><strong>3.</strong></span> <span class='ocrx_word' id='word_1_50' title='bbox 950 1596 975 1666; x_wconf 92' lang='lat' dir='ltr'><strong>i.</strong></span> <span class='ocrx_word' id='word_1_51' title='bbox 1000 1618 1033 1666; x_wconf 87' lang='lat' dir='ltr'><strong>e.</strong></span> <span class='ocrx_word' id='word_1_52' title='bbox 1055 1619 1137 1667; x_wconf 85' lang='lat' dir='ltr'><strong>annc</strong></span> <span class='ocrx_word' id='word_1_53' title='bbox 1156 1620 1188 1666; x_wconf 84' lang='lat' dir='ltr'><strong>n.</strong></span> <span class='ocrx_word' id='word_1_54' title='bbox 1213 1593 1291 1668; x_wconf 84' lang='lat' dir='ltr'><strong>Chr.</strong></span> <span class='ocrx_word' id='word_1_55' title='bbox 1312 1620 1348 1669; x_wconf 90' lang='lat' dir='ltr'><strong>n.</strong></span> <span class='ocrx_word' id='word_1_56' title='bbox 1366 1597 1441 1668; x_wconf 83' lang='lat'><strong>753</strong></span> <span class='ocrx_word' id='word_1_57' title='bbox 1503 1582 1524 1634; x_wconf 59' lang='lat' dir='ltr'><em>s</em></span> 
     </span>
     <span class='ocr_line' id='line_1_8' title="bbox 393 1727 1536 1832; baseline 0 -30"><span class='ocrx_word' id='word_1_58' title='bbox 393 1730 554 1803; x_wconf 81' lang='lat' dir='ltr'><strong>conditam</strong></span> <span class='ocrx_word' id='word_1_59' title='bbox 577 1752 657 1832; x_wconf 17' lang='lat' dir='ltr'><strong>*esse</strong></span> <span class='ocrx_word' id='word_1_60' title='bbox 683 1729 835 1821; x_wconf 87' lang='lat' dir='ltr'><strong>censuit,</strong></span> <span class='ocrx_word' id='word_1_61' title='bbox 872 1731 977 1802; x_wconf 85' lang='lat' dir='ltr'><strong>altena</strong></span> <span class='ocrx_word' id='word_1_62' title='bbox 1003 1754 1023 1801; x_wconf 86' lang='lat' dir='ltr'><strong>a</strong></span> <span class='ocrx_word' id='word_1_63' title='bbox 1049 1727 1173 1802; x_wconf 86' lang='lat' dir='ltr'><strong>Catone</strong></span> <span class='ocrx_word' id='word_1_64' title='bbox 1200 1730 1347 1825; x_wconf 80' lang='lat' dir='ltr'><strong>proiecta</strong></span> <span class='ocrx_word' id='word_1_65' title='bbox 1374 1744 1440 1826; x_wconf 87' lang='lat' dir='ltr'><strong>est,</strong></span> <span class='ocrx_word' id='word_1_66' title='bbox 1534 1776 1536 1782; x_wconf 91' lang='lat'><em>-</em></span> 
     </span>
     <span class='ocr_line' id='line_1_9' title="bbox 395 1835 1437 1963; baseline 0.001 -25"><span class='ocrx_word' id='word_1_67' title='bbox 395 1866 446 1963; x_wconf 84' lang='lat' dir='ltr'><strong>qui</strong></span> <span class='ocrx_word' id='word_1_68' title='bbox 471 1858 565 1939; x_wconf 87' lang='lat' dir='ltr'><strong>urbis</strong></span> <span class='ocrx_word' id='word_1_69' title='bbox 590 1864 713 1937; x_wconf 86' lang='lat' dir='ltr'><strong>initium</strong></span> <span class='ocrx_word' id='word_1_70' title='bbox 732 1863 784 1939; x_wconf 84' lang='lat'><strong>01.</strong></span> <span class='ocrx_word' id='word_1_71' title='bbox 800 1863 887 1956; x_wconf 91' lang='lat' dir='ltr'><strong>Vll,</strong></span> <span class='ocrx_word' id='word_1_72' title='bbox 903 1845 954 1936; x_wconf 62' lang='grc' dir='ltr'><strong>Ἰ.</strong></span> <span class='ocrx_word' id='word_1_73' title='bbox 974 1866 1045 1937; x_wconf 87' lang='lat' dir='ltr'><strong>sive</strong></span> <span class='ocrx_word' id='word_1_74' title='bbox 1060 1889 1143 1939; x_wconf 87' lang='lat' dir='ltr'><strong>anno</strong></span> <span class='ocrx_word' id='word_1_75' title='bbox 1161 1890 1193 1938; x_wconf 88' lang='lat' dir='ltr'><strong>a.</strong></span> <span class='ocrx_word' id='word_1_76' title='bbox 1212 1835 1291 1939; x_wconf 78' lang='lat' dir='ltr'>Chr.</span> <span class='ocrx_word' id='word_1_77' title='bbox 1311 1891 1344 1939; x_wconf 85' lang='lat' dir='ltr'><strong>n.</strong></span> <span class='ocrx_word' id='word_1_78' title='bbox 1365 1867 1437 1941; x_wconf 82' lang='lat'><strong>751</strong></span> 
     </span>
     <span class='ocr_line' id='line_1_10' title="bbox 394 1980 1553 2113; baseline 0.003 -41"><span class='ocrx_word' id='word_1_79' title='bbox 394 1980 599 2097; x_wconf 67' lang='lat' dir='ltr'><strong>assigndvit,</strong></span> <span class='ocrx_word' id='word_1_80' title='bbox 635 1999 806 2090; x_wconf 84' lang='lat' dir='ltr'><strong>Velleius,</strong></span> <span class='ocrx_word' id='word_1_81' title='bbox 843 2000 897 2073; x_wconf 90' lang='lat' dir='ltr'><strong>ubi</strong></span> <span class='ocrx_word' id='word_1_82' title='bbox 932 2001 1024 2074; x_wconf 79' lang='lat' dir='ltr'><strong>urbis</strong></span> <span class='ocrx_word' id='word_1_83' title='bbox 1060 2001 1207 2074; x_wconf 83' lang='lat' dir='ltr'><strong>conditae</strong></span> <span class='ocrx_word' id='word_1_84' title='bbox 1242 2027 1360 2077; x_wconf 89' lang='lat' dir='ltr'><strong>annum</strong></span> <span class='ocrx_word' id='word_1_85' title='bbox 1388 2028 1440 2076; x_wconf 85' lang='lat' dir='ltr'><strong>nc·</strong></span> <span class='ocrx_word' id='word_1_86' title='bbox 1512 2062 1517 2113; x_wconf 60' lang='lat'><em>3</em></span> <span class='ocrx_word' id='word_1_87' title='bbox 1550 2032 1553 2037; x_wconf 87' lang='lat'><strong>·</strong></span> 
     </span>
    </p>
   </div>
   <div class='ocr_carea' id='block_1_4' title="bbox 391 2114 1559 4690">
    <p class='ocr_par' dir='ltr' id='par_1_5' title="bbox 391 2114 1442 2504">
     <span class='ocr_line' id='line_1_11' title="bbox 396 2114 1437 2235; baseline 0.004 -28"><span class='ocrx_word' id='word_1_88' title='bbox 396 2137 482 2227; x_wconf 85' lang='lat' dir='ltr'><strong>lert,</strong></span> <span class='ocrx_word' id='word_1_89' title='bbox 506 2151 618 2232; x_wconf 80' lang='lat' dir='ltr'><strong>aperte</strong></span> <span class='ocrx_word' id='word_1_90' title='bbox 645 2160 753 2210; x_wconf 84' lang='lat' dir='ltr'><strong>accam</strong></span> <span class='ocrx_word' id='word_1_91' title='bbox 767 2117 1013 2212; x_wconf 74' lang='lat' dir='ltr'><strong>Vcncnianann</strong></span> <span class='ocrx_word' id='word_1_92' title='bbox 1026 2138 1267 2235; x_wconf 66' lang='lat' dir='ltr'><strong>sequitnrp⁴cl2</strong></span> <span class='ocrx_word' id='word_1_93' title='bbox 1289 2138 1319 2229; x_wconf 93' lang='lat' dir='ltr'><strong>I,</strong></span> <span class='ocrx_word' id='word_1_94' title='bbox 1342 2114 1383 2234; x_wconf 72' lang='lat'><strong>8,</strong></span> <span class='ocrx_word' id='word_1_95' title='bbox 1399 2143 1437 2211; x_wconf 79' lang='lat' dir='ltr'><strong>lc.</strong></span> 
     </span>
     <span class='ocr_line' id='line_1_12' title="bbox 394 2249 1440 2371; baseline 0.002 -26"><span class='ocrx_word' id='word_1_96' title='bbox 394 2269 501 2346; x_wconf 77' lang='lat' dir='ltr'><strong>Secta</strong></span> <span class='ocrx_word' id='word_1_97' title='bbox 526 2270 743 2369; x_wconf 73' lang='lat' dir='ltr'><strong>Olympiade,</strong></span> <span class='ocrx_word' id='word_1_98' title='bbox 767 2284 876 2368; x_wconf 82' lang='lat' dir='ltr'><strong>post</strong></span> <span class='ocrx_word' id='word_1_99' title='bbox 889 2249 962 2346; x_wconf 59' lang='lat' dir='ltr'><strong>⁴duc</strong></span> <span class='ocrx_word' id='word_1_100' title='bbox 989 2280 1026 2346; x_wconf 80' lang='lat' dir='ltr'><strong>e&#39;t</strong></span> <span class='ocrx_word' id='word_1_101' title='bbox 1045 2275 1174 2371; x_wconf 57' lang='lat' dir='ltr'><strong>cepecu‘</strong></span> <span class='ocrx_word' id='word_1_102' title='bbox 1192 2297 1313 2366; x_wconf 85' lang='lat' dir='ltr'><strong>eccos,</strong></span> <span class='ocrx_word' id='word_1_103' title='bbox 1341 2298 1440 2371; x_wconf 85' lang='lat' dir='ltr'><strong>quum</strong></span> 
     </span>
     <span class='ocr_line' id='line_1_13' title="bbox 391 2398 1442 2504; baseline 0.003 -24"><span class='ocrx_word' id='word_1_104' title='bbox 391 2408 504 2503; x_wconf 76' lang='lat' dir='ltr'><strong>pruine</strong></span> <span class='ocrx_word' id='word_1_105' title='bbox 529 2398 717 2480; x_wconf 65' lang='lat' dir='ltr'><strong>constitute</strong></span> <span class='ocrx_word' id='word_1_106' title='bbox 738 2408 871 2502; x_wconf 76' lang='lat' dir='ltr'><strong>ficerat</strong></span> <span class='ocrx_word' id='word_1_107' title='bbox 895 2409 935 2502; x_wconf 88' lang='lat' dir='ltr'><strong>(i.</strong></span> <span class='ocrx_word' id='word_1_108' title='bbox 963 2433 993 2482; x_wconf 91' lang='lat' dir='ltr'><strong>c.</strong></span> <span class='ocrx_word' id='word_1_109' title='bbox 1020 2407 1073 2482; x_wconf 86' lang='lat'><strong>01.</strong></span> <span class='ocrx_word' id='word_1_110' title='bbox 1093 2407 1166 2500; x_wconf 87' lang='lat' dir='ltr'><strong>Vl,</strong></span> <span class='ocrx_word' id='word_1_111' title='bbox 1194 2410 1250 2504; x_wconf 85' lang='lat'><strong>3.)</strong></span> <span class='ocrx_word' id='word_1_112' title='bbox 1277 2409 1442 2484; x_wconf 79' lang='lat' dir='ltr'><strong>Romulus</strong></span> 
     </span>
    </p>

    <p class='ocr_par' dir='ltr' id='par_1_6' title="bbox 395 2542 1559 3186">
     <span class='ocr_line' id='line_1_14' title="bbox 395 2542 1495 2618; baseline 0.002 -2"><span class='ocrx_word' id='word_1_113' title='bbox 395 2583 435 2597; x_wconf 91' lang='lat'><em>-</em></span> <span class='ocrx_word' id='word_1_114' title='bbox 456 2544 578 2616; x_wconf 80' lang='lat' dir='ltr'><strong>arbem</strong></span> <span class='ocrx_word' id='word_1_115' title='bbox 598 2543 776 2617; x_wconf 76' lang='lat' dir='ltr'><strong>Parilibus</strong></span> <span class='ocrx_word' id='word_1_116' title='bbox 802 2546 838 2617; x_wconf 79' lang='lat' dir='ltr'><strong>ic</strong></span> <span class='ocrx_word' id='word_1_117' title='bbox 855 2543 993 2618; x_wconf 81' lang='lat' dir='ltr'><strong>Palatio</strong></span> <span class='ocrx_word' id='word_1_118' title='bbox 1021 2545 1185 2618; x_wconf 79' lang='lat' dir='ltr'><strong>condidit.</strong></span> <span class='ocrx_word' id='word_1_119' title='bbox 1232 2542 1299 2618; x_wconf 87' lang='lat' dir='ltr'><strong>Sed</strong></span> <span class='ocrx_word' id='word_1_120' title='bbox 1326 2547 1360 2618; x_wconf 94' lang='lat' dir='ltr'><strong>in</strong></span> <span class='ocrx_word' id='word_1_121' title='bbox 1386 2571 1439 2618; x_wconf 90' lang='lat' dir='ltr'><strong>ce·</strong></span> <span class='ocrx_word' id='word_1_122' title='bbox 1493 2579 1495 2582; x_wconf 92' lang='lat'><em>·</em></span> 
     </span>
     <span class='ocr_line' id='line_1_15' title="bbox 396 2678 1462 2776; baseline 0.002 -23"><span class='ocrx_word' id='word_1_123' title='bbox 396 2682 473 2753; x_wconf 84' lang='lat' dir='ltr'><strong>teris</strong></span> <span class='ocrx_word' id='word_1_124' title='bbox 498 2679 600 2753; x_wconf 85' lang='lat' dir='ltr'><strong>rebus</strong></span> <span class='ocrx_word' id='word_1_125' title='bbox 629 2678 803 2771; x_wconf 84' lang='lat' dir='ltr'><strong>omnibus,</strong></span> <span class='ocrx_word' id='word_1_126' title='bbox 831 2702 967 2776; x_wconf 86' lang='lat' dir='ltr'><strong>pncnsus</strong></span> <span class='ocrx_word' id='word_1_127' title='bbox 985 2681 1112 2760; x_wconf 67' lang='lat' dir='ltr'><strong>,omissa</strong></span> <span class='ocrx_word' id='word_1_128' title='bbox 1137 2681 1196 2767; x_wconf 85' lang='lat' dir='ltr'><strong>huc</strong></span> <span class='ocrx_word' id='word_1_129' title='bbox 1221 2681 1371 2775; x_wconf 85' lang='lat' dir='ltr'><strong>natione,</strong></span> <span class='ocrx_word' id='word_1_130' title='bbox 1399 2678 1462 2755; x_wconf 77' lang='lat' dir='ltr'><strong>ad¹</strong></span> 
     </span>
     <span class='ocr_line' id='line_1_16' title="bbox 399 2814 1440 2911; baseline 0 -23"><span class='ocrx_word' id='word_1_131' title='bbox 399 2814 605 2890; x_wconf 73' lang='lat' dir='ltr'><strong>Catonianam</strong></span> <span class='ocrx_word' id='word_1_132' title='bbox 626 2840 734 2889; x_wconf 84' lang='lat' dir='ltr'><strong>uenam</strong></span> <span class='ocrx_word' id='word_1_133' title='bbox 756 2840 858 2890; x_wconf 85' lang='lat' dir='ltr'><strong>annes</strong></span> <span class='ocrx_word' id='word_1_134' title='bbox 886 2830 1069 2911; x_wconf 85' lang='lat' dir='ltr'><strong>computat,</strong></span> <span class='ocrx_word' id='word_1_135' title='bbox 1096 2818 1279 2911; x_wconf 86' lang='lat' dir='ltr'><strong>ut-pnimus</strong></span> <span class='ocrx_word' id='word_1_136' title='bbox 1301 2816 1440 2888; x_wconf 82' lang='lat' dir='ltr'><strong>animad·</strong></span> 
     </span>
     <span class='ocr_line' id='line_1_17' title="bbox 397 2919 1559 3047; baseline 0.002 -25"><span class='ocrx_word' id='word_1_137' title='bbox 397 2922 712 3044; x_wconf 54' lang='lat' dir='ltr'><strong>ventit&#39;liaurentius</strong></span> <span class='ocrx_word' id='word_1_138' title='bbox 735 2954 768 3023; x_wconf 94' lang='lat' dir='ltr'><strong>in</strong></span> <span class='ocrx_word' id='word_1_139' title='bbox 786 2952 896 3024; x_wconf 86' lang='lat' dir='ltr'><strong>Fastis</strong></span> <span class='ocrx_word' id='word_1_140' title='bbox 919 2976 1007 3023; x_wconf 89' lang='lat' dir='ltr'><strong>coss.</strong></span> <span class='ocrx_word' id='word_1_141' title='bbox 1026 2952 1139 3046; x_wconf 86' lang='lat' dir='ltr'><strong>capitt.</strong></span> <span class='ocrx_word' id='word_1_142' title='bbox 1157 2976 1193 3047; x_wconf 90' lang='lat' dir='ltr'><strong>p.</strong></span> <span class='ocrx_word' id='word_1_143' title='bbox 1216 2954 1279 3026; x_wconf 89' lang='grc'><strong>80.</strong></span> <span class='ocrx_word' id='word_1_144' title='bbox 1315 2919 1443 3025; x_wconf 81' lang='lat' dir='ltr'><strong>Pendet</strong></span> <span class='ocrx_word' id='word_1_145' title='bbox 1555 2930 1559 2935; x_wconf 40' lang='grc'><em>’</em></span> 
     </span>
     <span class='ocr_line' id='line_1_18' title="bbox 396 3064 1439 3186; baseline 0.001 -27"><span class='ocrx_word' id='word_1_146' title='bbox 396 3103 500 3163; x_wconf 86' lang='lat' dir='ltr'><strong>autem</strong></span> <span class='ocrx_word' id='word_1_147' title='bbox 524 3091 600 3186; x_wconf 14' lang='lat' dir='ltr'><strong>citas!</strong></span> <span class='ocrx_word' id='word_1_148' title='bbox 625 3090 675 3160; x_wconf 88' lang='lat' dir='ltr'><strong>nei</strong></span> <span class='ocrx_word' id='word_1_149' title='bbox 700 3088 888 3161; x_wconf 84' lang='lat' dir='ltr'><strong>observatio</strong></span> <span class='ocrx_word' id='word_1_150' title='bbox 911 3112 955 3159; x_wconf 90' lang='lat' dir='ltr'><strong>ex</strong></span> <span class='ocrx_word' id='word_1_151' title='bbox 978 3111 1061 3160; x_wconf 87' lang='lat' dir='ltr'><strong>anno</strong></span> <span class='ocrx_word' id='word_1_152' title='bbox 1085 3064 1277 3161; x_wconf 28' lang='lat' dir='ltr'><strong>consulatus·</strong></span> <span class='ocrx_word' id='word_1_153' title='bbox 1299 3087 1439 3181; x_wconf 83' lang='lat' dir='ltr'><strong>Vinicii,</strong></span> 
     </span>
    </p>

    <p class='ocr_par' dir='ltr' id='par_1_7' title="bbox 396 3222 1554 3997">
     <span class='ocr_line' id='line_1_19' title="bbox 396 3222 1440 3321; baseline 0.001 -26"><span class='ocrx_word' id='word_1_154' title='bbox 396 3223 431 3296; x_wconf 89' lang='lat' dir='ltr'><strong>ad</strong></span> <span class='ocrx_word' id='word_1_155' title='bbox 460 3248 558 3321; x_wconf 81' lang='lat' dir='ltr'><strong>quem</strong></span> <span class='ocrx_word' id='word_1_156' title='bbox 583 3222 736 3298; x_wconf 89' lang='lat' dir='ltr'><strong>Velleius</strong></span> <span class='ocrx_word' id='word_1_157' title='bbox 772 3247 831 3319; x_wconf 87' lang='lat' dir='ltr'><strong>prc</strong></span> <span class='ocrx_word' id='word_1_158' title='bbox 854 3224 1052 3318; x_wconf 77' lang='lat' dir='ltr'><strong>&#39;scriptionis</strong></span> <span class='ocrx_word' id='word_1_159' title='bbox 1090 3248 1168 3297; x_wconf 88' lang='lat' dir='ltr'><strong>suae</strong></span> <span class='ocrx_word' id='word_1_160' title='bbox 1203 3224 1338 3297; x_wconf 82' lang='lat' dir='ltr'><strong>consilio</strong></span> <span class='ocrx_word' id='word_1_161' title='bbox 1374 3226 1440 3296; x_wconf 88' lang='lat' dir='ltr'><strong>sin·</strong></span> 
     </span>
     <span class='ocr_line' id='line_1_20' title="bbox 397 3355 1441 3454; baseline 0 -22"><span class='ocrx_word' id='word_1_162' title='bbox 397 3360 544 3454; x_wconf 71' lang='lat' dir='ltr'><strong>gulam]</strong></span> <span class='ocrx_word' id='word_1_163' title='bbox 578 3355 737 3432; x_wconf 82' lang='lat' dir='ltr'><strong>iacturum</strong></span> <span class='ocrx_word' id='word_1_164' title='bbox 772 3382 872 3431; x_wconf 89' lang='lat' dir='ltr'><strong>annus</strong></span> <span class='ocrx_word' id='word_1_165' title='bbox 907 3361 953 3431; x_wconf 85' lang='lat' dir='ltr'><strong>ita</strong></span> <span class='ocrx_word' id='word_1_166' title='bbox 986 3361 1180 3450; x_wconf 82' lang='lat' dir='ltr'><strong>constitnit,</strong></span> <span class='ocrx_word' id='word_1_167' title='bbox 1215 3373 1253 3432; x_wconf 93' lang='grc' dir='ltr'><strong>ιιι</strong></span> <span class='ocrx_word' id='word_1_168' title='bbox 1287 3374 1441 3454; x_wconf 85' lang='lat' dir='ltr'><strong>quantum</strong></span> 
     </span>
     <span class='ocr_line' id='line_1_21' title="bbox 398 3492 1441 3593; baseline -0.001 -26"><span class='ocrx_word' id='word_1_169' title='bbox 398 3519 541 3593; x_wconf 83' lang='lat' dir='ltr'><strong>quaeque</strong></span> <span class='ocrx_word' id='word_1_170' title='bbox 577 3492 616 3567; x_wconf 78' lang='lat' dir='ltr'><strong>ab</strong></span> <span class='ocrx_word' id='word_1_171' title='bbox 633 3571 636 3575; x_wconf 65' lang='grc'><em>,</em></span> <span class='ocrx_word' id='word_1_172' title='bbox 655 3494 709 3566; x_wconf 91' lang='lat' dir='ltr'><strong>illu</strong></span> <span class='ocrx_word' id='word_1_173' title='bbox 736 3493 856 3567; x_wconf 86' lang='lat' dir='ltr'><strong>distent</strong></span> <span class='ocrx_word' id='word_1_174' title='bbox 880 3493 1047 3568; x_wconf 87' lang='lat' dir='ltr'><strong>Vinicium</strong></span> <span class='ocrx_word' id='word_1_175' title='bbox 1070 3496 1124 3567; x_wconf 90' lang='lat' dir='ltr'><strong>vel</strong></span> <span class='ocrx_word' id='word_1_176' title='bbox 1150 3494 1284 3567; x_wconf 88' lang='lat' dir='ltr'><strong>doceret</strong></span> <span class='ocrx_word' id='word_1_177' title='bbox 1307 3496 1361 3568; x_wconf 87' lang='lat' dir='ltr'><strong>vel</strong></span> <span class='ocrx_word' id='word_1_178' title='bbox 1387 3495 1441 3567; x_wconf 86' lang='lat' dir='ltr'><strong>ud·</strong></span> 
     </span>
     <span class='ocr_line' id='line_1_22' title="bbox 399 3624 1441 3726; baseline 0.002 -25"><span class='ocrx_word' id='word_1_179' title='bbox 399 3645 553 3704; x_wconf 87' lang='lat' dir='ltr'><strong>ncncnet.</strong></span> <span class='ocrx_word' id='word_1_180' title='bbox 601 3629 668 3702; x_wconf 87' lang='lat' dir='ltr'><strong>lam</strong></span> <span class='ocrx_word' id='word_1_181' title='bbox 694 3652 791 3725; x_wconf 87' lang='lat' dir='ltr'><strong>quum</strong></span> <span class='ocrx_word' id='word_1_182' title='bbox 813 3653 857 3701; x_wconf 88' lang='lat' dir='ltr'><strong>ex</strong></span> <span class='ocrx_word' id='word_1_183' title='bbox 882 3630 1010 3726; x_wconf 84' lang='lat' dir='ltr'><strong>vulgari</strong></span> <span class='ocrx_word' id='word_1_184' title='bbox 1038 3624 1114 3702; x_wconf 83' lang='lat' dir='ltr'><strong>aena</strong></span> <span class='ocrx_word' id='word_1_185' title='bbox 1138 3630 1344 3705; x_wconf 83' lang='lat' dir='ltr'><strong>Varroniana</strong></span> <span class='ocrx_word' id='word_1_186' title='bbox 1370 3627 1441 3703; x_wconf 81' lang='lat' dir='ltr'><strong>ciu‘s</strong></span> 
     </span>
     <span class='ocr_line' id='line_1_23' title="bbox 399 3764 1554 3854; baseline 0.001 -19"><span class='ocrx_word' id='word_1_187' title='bbox 399 3766 582 3839; x_wconf 85' lang='lat' dir='ltr'><strong>consulatus</strong></span> <span class='ocrx_word' id='word_1_188' title='bbox 618 3765 651 3835; x_wconf 92' lang='lat' dir='ltr'><strong>in</strong></span> <span class='ocrx_word' id='word_1_189' title='bbox 682 3766 799 3837; x_wconf 87' lang='lat' dir='ltr'><strong>annum</strong></span> <span class='ocrx_word' id='word_1_190' title='bbox 832 3787 865 3837; x_wconf 92' lang='grc' dir='ltr'><strong>ιι.</strong></span> <span class='ocrx_word' id='word_1_191' title='bbox 892 3789 925 3836; x_wconf 91' lang='lat' dir='ltr'><strong>c.</strong></span> <span class='ocrx_word' id='word_1_192' title='bbox 954 3766 1030 3837; x_wconf 86' lang='grc'><strong>783</strong></span> <span class='ocrx_word' id='word_1_193' title='bbox 1065 3764 1207 3854; x_wconf 85' lang='lat' dir='ltr'><strong>incidat,</strong></span> <span class='ocrx_word' id='word_1_194' title='bbox 1242 3764 1441 3836; x_wconf 84' lang='lat' dir='ltr'><strong>Laurentius</strong></span> <span class='ocrx_word' id='word_1_195' title='bbox 1552 3804 1554 3808; x_wconf 95' lang='lat'>·</span> 
     </span>
     <span class='ocr_line' id='line_1_24' title="bbox 399 3868 1437 3997; baseline 0.001 -26"><span class='ocrx_word' id='word_1_196' title='bbox 399 3904 538 3997; x_wconf 78' lang='lat' dir='ltr'><strong>reperit,</strong></span> <span class='ocrx_word' id='word_1_197' title='bbox 573 3868 752 3973; x_wconf 81' lang='lat' dir='ltr'><strong>secundun</strong></span> <span class='ocrx_word' id='word_1_198' title='bbox 779 3899 946 3974; x_wconf 89' lang='lat' dir='ltr'><strong>Velleium</strong></span> <span class='ocrx_word' id='word_1_199' title='bbox 979 3901 1076 3971; x_wconf 87' lang='lat' dir='ltr'><strong>istum</strong></span> <span class='ocrx_word' id='word_1_200' title='bbox 1111 3922 1228 3971; x_wconf 87' lang='lat' dir='ltr'><strong>annum</strong></span> <span class='ocrx_word' id='word_1_201' title='bbox 1264 3922 1339 3970; x_wconf 86' lang='lat' dir='ltr'><strong>esse</strong></span> <span class='ocrx_word' id='word_1_202' title='bbox 1366 3898 1437 3972; x_wconf 81' lang='lat'><strong>781</strong></span> 
     </span>
    </p>

    <p class='ocr_par' dir='ltr' id='par_1_8' title="bbox 396 4021 1465 4690">
     <span class='ocr_line' id='line_1_25' title="bbox 400 4021 1450 4133; baseline -0.001 -24"><span class='ocrx_word' id='word_1_203' title='bbox 400 4058 431 4109; x_wconf 90' lang='lat' dir='ltr'><strong>u.</strong></span> <span class='ocrx_word' id='word_1_204' title='bbox 457 4062 517 4131; x_wconf 91' lang='lat' dir='ltr'><strong>c.,</strong></span> <span class='ocrx_word' id='word_1_205' title='bbox 552 4035 746 4133; x_wconf 61' lang='lat' dir='ltr'><strong>quanquam</strong></span> <span class='ocrx_word' id='word_1_206' title='bbox 779 4038 863 4107; x_wconf 86' lang='lat' dir='ltr'><strong>eum¹</strong></span> <span class='ocrx_word' id='word_1_207' title='bbox 887 4035 1018 4125; x_wconf 89' lang='lat' dir='ltr'><strong>locum,</strong></span> <span class='ocrx_word' id='word_1_208' title='bbox 1053 4035 1109 4133; x_wconf 84' lang='lat' dir='ltr'><strong>qui</strong></span> <span class='ocrx_word' id='word_1_209' title='bbox 1142 4035 1182 4107; x_wconf 82' lang='lat' dir='ltr'><strong>ad</strong></span> <span class='ocrx_word' id='word_1_210' title='bbox 1213 4035 1295 4108; x_wconf 78' lang='lat' dir='ltr'><strong>lianc</strong></span> <span class='ocrx_word' id='word_1_211' title='bbox 1326 4021 1450 4109; x_wconf 56' lang='lat' dir='ltr'><strong>novam&#39;</strong></span> 
     </span>
     <span class='ocr_line' id='line_1_26' title="bbox 401 4169 1439 4268; baseline -0.002 -25"><span class='ocrx_word' id='word_1_212' title='bbox 401 4174 554 4245; x_wconf 82' lang='lat' dir='ltr'><strong>nationem</strong></span> <span class='ocrx_word' id='word_1_213' title='bbox 588 4169 761 4244; x_wconf 81' lang='lat' dir='ltr'><strong>ineundam</strong></span> <span class='ocrx_word' id='word_1_214' title='bbox 801 4171 894 4268; x_wconf 87' lang='lat' dir='ltr'><strong>quasi</strong></span> <span class='ocrx_word' id='word_1_215' title='bbox 931 4172 1018 4243; x_wconf 83' lang='lat' dir='ltr'><strong>viam</strong></span> <span class='ocrx_word' id='word_1_216' title='bbox 1055 4186 1236 4263; x_wconf 82' lang='lat' dir='ltr'><strong>monstrat,</strong></span> <span class='ocrx_word' id='word_1_217' title='bbox 1279 4172 1439 4266; x_wconf 84' lang='lat' dir='ltr'><strong>neglexit.</strong></span> 
     </span>
     <span class='ocr_line' id='line_1_27' title="bbox 401 4270 1465 4412; baseline 0 -33"><span class='ocrx_word' id='word_1_218' title='bbox 401 4303 521 4405; x_wconf 84' lang='lat' dir='ltr'><strong>Quippe</strong></span> <span class='ocrx_word' id='word_1_219' title='bbox 547 4307 577 4397; x_wconf 93' lang='lat'><strong>1,</strong></span> <span class='ocrx_word' id='word_1_220' title='bbox 602 4309 664 4399; x_wconf 74' lang='lat'><strong>14,</strong></span> <span class='ocrx_word' id='word_1_221' title='bbox 681 4308 718 4379; x_wconf 90' lang='grc'><strong>6.</strong></span> <span class='ocrx_word' id='word_1_222' title='bbox 745 4306 824 4378; x_wconf 87' lang='lat' dir='ltr'><strong>haec</strong></span> <span class='ocrx_word' id='word_1_223' title='bbox 850 4307 1025 4403; x_wconf 84' lang='lat' dir='ltr'><strong>leguntur:</strong></span> <span class='ocrx_word' id='word_1_224' title='bbox 1057 4306 1155 4383; x_wconf 81' lang='lat' dir='ltr'>.»M&#39;.</span> <span class='ocrx_word' id='word_1_225' title='bbox 1187 4305 1288 4379; x_wconf 85' lang='lat' dir='ltr'><strong>Curio</strong></span> <span class='ocrx_word' id='word_1_226' title='bbox 1316 4317 1351 4412; x_wconf 87' lang='lat' dir='ltr'><strong>et</strong></span> <span class='ocrx_word' id='word_1_227' title='bbox 1374 4270 1465 4379; x_wconf 52' lang='lat' dir='ltr'><strong>llu-x</strong></span> 
     </span>
     <span class='ocr_line' id='line_1_28' title="bbox 396 4410 1444 4535; baseline 0.003 -22"><span class='ocrx_word' id='word_1_228' title='bbox 396 4441 461 4514; x_wconf 85' lang='lat' dir='ltr'><strong>dnn</strong></span> <span class='ocrx_word' id='word_1_229' title='bbox 496 4411 649 4517; x_wconf 81' lang='lat' dir='ltr'><strong>Connelic</strong></span> <span class='ocrx_word' id='word_1_230' title='bbox 685 4442 874 4516; x_wconf 88' lang='lat' dir='ltr'><strong>consulibus</strong></span> <span class='ocrx_word' id='word_1_231' title='bbox 911 4440 1040 4516; x_wconf 83' lang='lat' dir='ltr'><strong>Sabinis</strong></span> <span class='ocrx_word' id='word_1_232' title='bbox 1077 4410 1147 4515; x_wconf 89' lang='lat' dir='ltr'><strong>sine</strong></span> <span class='ocrx_word' id='word_1_233' title='bbox 1181 4440 1335 4535; x_wconf 81' lang='lat' dir='ltr'><strong>suffragio</strong></span> <span class='ocrx_word' id='word_1_234' title='bbox 1370 4441 1444 4516; x_wconf 87' lang='lat' dir='ltr'><strong>duta</strong></span> 
     </span>
     <span class='ocr_line' id='line_1_29' title="bbox 398 4568 1444 4690; baseline 0.001 -42"><span class='ocrx_word' id='word_1_235' title='bbox 398 4568 526 4675; x_wconf 74' lang='lat' dir='ltr'><strong>civitas,</strong></span> <span class='ocrx_word' id='word_1_236' title='bbox 574 4580 610 4654; x_wconf 95' lang='lat' dir='ltr'><strong>ld</strong></span> <span class='ocrx_word' id='word_1_237' title='bbox 631 4594 741 4689; x_wconf 82' lang='lat' dir='ltr'><strong>actum</strong></span> <span class='ocrx_word' id='word_1_238' title='bbox 766 4570 854 4652; x_wconf 84' lang='lat' dir='ltr'><strong>ante</strong></span> <span class='ocrx_word' id='word_1_239' title='bbox 870 4579 1109 4673; x_wconf 79' lang='lat' dir='ltr'><strong>unncsfcrme</strong></span> <span class='ocrx_word' id='word_1_240' title='bbox 1137 4576 1346 4690; x_wconf 62' lang='lat' dir='ltr'><strong>CCCXX.c</strong></span> <span class='ocrx_word' id='word_1_241' title='bbox 1390 4575 1444 4666; x_wconf 80' lang='grc' dir='ltr'><strong>ΙΑι</strong></span> 
     </span>
    </p>
   </div>
   <div class='ocr_carea' id='block_1_5' title="bbox 0 0 1849 5425">
    <p class='ocr_par' dir='ltr' id='par_1_9' title="bbox 0 0 1849 5425">
     <span class='ocr_line' id='line_1_30' title="bbox 0 0 1849 5425; baseline 0 0"><span class='ocrx_word' id='word_1_242' title='bbox 0 0 1849 5425; x_wconf 95' lang='lat' dir='ltr'><strong> </strong></span> 
     </span>
    </p>
   </div>
  </div>
 </body>
</html>
