3667 5425
390 711 541 826 xuxuu
641 725 1021 825 euoenon-nnuma.
1064 759 1211 827 cartu.

494 904 619 1020 Quibus
656 929 796 1004 lontibus
832 954 912 1005 usus
947 933 991 1003 sit
1016 929 1165 1004 Velleius
1193 928 1336 1007 lortas'so,
1359 950 1437 1003 eon-

392 1074 496 1137 staret
519 1065 637 1157 nobis,
666 1069 693 1139 si
720 1067 845 1140 initium
871 1067 944 1140 libri
969 1068 1088 1163 prioris·
1105 1066 1213 1166 adhuc·
1228 1056 1435 1170 superesset.

394 1200 466 1295 Quo
494 1201 664 1297 deperdito
686 1202 726 1274 ad
752 1180 956 1284 coniecturas
980 1202 1073 1278 nobis
1097 1202 1346 1298 condrgiendum
1369 1216 1436 1295 est,

261 1382 271 1399 ·
394 1361 583 1436 quamquam
618 1338 710 1420 lacile
747 1310 976 1429 concedimus,
1012 1361 1117 1444 neque
1153 1337 1322 1418 admodum
1348 1353 1440 1417 corta

394 1496 492 1565 osse,
521 1498 603 1570 quae
631 1476 676 1555 ita
702 1476 773 1558 erui
799 1476 947 1569 possint,
984 1498 1113 1570 nequae,
1137 1477 1171 1546 si
1195 1469 1285 1549 carta
1311 1489 1437 1570 essent,

395 1611 530 1685 multum
564 1634 605 1718 ea
637 1613 790 1693 momenti
828 1610 970 1702 liabere,
1016 1611 1062 1682 ad
1092 1618 1257 1692 auctorem
1291 1596 1440 1689 nostrum

281 1772 284 1777 ’
396 1747 450 1819 vel
486 1715 729 1847 ,intelligendum
762 1751 904 1840 rectius,
941 1747 995 1827 vel
1032 1748 1156 1828 lelicius
1191 1746 1436 1826 emendandum.

337 1915 340 1919 ·
394 1866 472 1956 Non
498 1883 659 1979 prodiisse
684 1886 769 1956 enim
797 1909 877 1980 opus
905 1888 976 1958 eius
996 1909 1047 1958 ex
1073 1883 1223 1956 diuturna
1249 1897 1347 1989 atque
1374 1884 1440 1961 acri

396 2018 570 2103 multorum
596 2031 631 2100 et
655 2019 894 2104 reconditorum
922 2021 1054 2092 lentium
1081 2020 1360 2115 perscrutatione,
1398 2045 1440 2099 ex

353 2232 363 2249 ¹
397 2155 437 2227 iis
458 2168 561 2256 patet,
587 2179 670 2263 quae
697 2179 797 2253 supra
823 2155 861 2229 de
883 2156 954 2228 elus
976 2157 1110 2231 oonsilio
1131 2168 1166 2227 et
1186 2156 1312 2251 origine
1332 2154 1440 2251 dispu-

397 2291 553 2372 terimus.
609 2290 718 2391 Quare
750 2290 830 2372 ha'ec
860 2293 1007 2389 quaestio
1042 2292 1080 2369 de
1107 2291 1249 2372 lontibus
1274 2315 1338 2364 non
1373 2305 1440 2364 tau·

397 2438 463 2499 um
484 2427 550 2505 rim
575 2425 697 2520 hahet,
737 2441 910 2525 quantam,
946 2443 983 2502 ut
1008 2427 1068 2499 hoc
1095 2442 1189 2518 utar,
1221 2429 1254 2502 in
1279 2426 1368 2508 Livii
1395 2427 1441 2503 hi·

380 2532 522 2654 storin,
549 2563 609 2637 sed
636 2587 675 2635 eo
700 2565 806 2657 redit,
834 2578 890 2655 ut,
923 2564 1039 2662 quibus
1065 2563 1265 2643 adminiculis
1292 2563 1333 2636 ad
1360 2587 1443 2659 opus

398 2721 494 2797 quam
516 2700 683 2782 celerrime
710 2701 943 2775 conficiendum
966 2726 1048 2776 usus
1075 2702 1131 2791 sit,
1160 2698 1370 2801 probabiliter
1391 2725 1443 2774 as·

399 2809 586 2933 sequamur.
641 2841 739 2922 Licet
766 2842 852 2918 enim
878 2839 980 2917 doctis
1011 2838 1192 2911 litterarum
1224 2836 1342 2912 studiis
1369 2861 1445 2911 aum

371 2983 535 3049 ‘vaoasse
569 2999 606 3046 ao
642 2975 789 3070 legendis
823 2977 953 3070 optimis
981 2955 1194 3070 scriptoribus
1222 2975 1320 3045 otium
1349 2999 1444 3048 suum

401 3107 598 3201 impendisse
625 3131 724 3202 supra
750 3110 889 3204 probare
915 3110 1158 3204 studuerimus,
1194 3123 1302 3181 tamen
1329 3109 1445 3190 horum

400 3241 581 3323 studiorum
619 3244 760 3316 lructum
799 3246 900 3317 lluisse
946 3257 1045 3323 totam
1077 3245 1244 3325 historiam
1281 3269 1446 3326 romanam

401 3377 528 3459 difficile
555 3392 607 3451 cst
631 3378 672 3451 ad
689 3371 897 3460 eredendum.
939 3380 1042 3459 Cuius
1062 3384 1224 3477 posterior
1244 3405 1335 3477 pars,
1362 3407 1446 3480 quae

401 3515 600 3611 principatus
636 3518 726 3590 initia
760 3531 794 3589 et
826 3540 1038 3613 progressum
1065 3519 1310 3613 complectitur,
1348 3484 1447 3615 quum

401 3675 480 3723 sane
512 3651 646 3744 duxerit
678 3678 721 3730 ex
750 3656 813 3745 iis,
859 3678 942 3751 quiae
976 3655 1045 3750 ipse
1082 3653 1121 3725 de
1154 3654 1214 3726 hoc
1252 3669 1447 3750 argumento

402 3789 593 3886 collegisset
613 3804 906 3889 etcommentntus
934 3805 1045 3879 esset,
1073 3791 1105 3869 io
1132 3792 1252 3868 ceteris
1279 3790 1446 3882 omnihus,

402 3927 520 4021 quilinio
547 3940 582 3999 et
606 3942 761 4000 externas
787 3951 841 4001 res
869 3942 903 4001 et
929 3951 1078 4002 romanas
1105 3926 1282 3998 desultorio
1308 3926 1449 4022 quodam

402 4060 497 4133 nrodo
532 4062 706 4155 tractarit,
746 4062 840 4134 unica
874 4088 917 4134 ex
952 4065 1023 4134 aliis
1056 4062 1245 4135 auctoribus
1278 4061 1447 4156 pependit,

403 4200 448 4270 ita
484 4197 635 4296 quidem,
671 4211 708 4272 ut
740 4221 795 4269 res
824 4199 864 4270 ab
896 4199 959 4270 illis
984 4198 1119 4276 traditas
1146 4222 1210 4274 non
1236 4200 1269 4276 in
1293 4193 1449 4270 iudioiuni

404 4349 438 4406 ct
464 4294 635 4407 condumum
661 4348 820 4422 uocaret,
849 4335 906 4407 sod
929 4359 1011 4432 quae
1039 4335 1124 4431 opud
1150 4357 1311 4431 quemque
1337 4347 1449 4406 notata

325 4475 329 4480 ’
403 4472 589 4561 inueniret,
617 4497 656 4546 ea
684 4474 844 4568 arriperet
868 4486 902 4544 et
931 4486 1079 4577 tanquam
1106 4472 1227 4574 paratis
1250 4471 1354 4564 copiis
1378 4484 1448 4543 ute·

402 4620 507 4681 rctur.
566 4607 604 4680 ln
638 4611 783 4682 asiaticis
816 4610 917 4705 igitur
947 4622 1045 4705 atquae
1080 4607 1207 4702 poecis
1243 4604 1342 4680 rebus
1376 4628 1450 4678 nar·
