3667 5425
798 722 1048 795 PRAEFATIO.
1389 753 1451 801 xur
1541 794 1559 807 ,.

409 895 497 971 stari
518 920 643 996 posse,
665 903 707 972 ut
731 897 890 973 omuino
913 896 1056 993 omnia,
1080 920 1181 997 qtrae
1199 900 1316 975 variis
1341 903 1449 1000 locis,

409 1042 473 1115 ubi
494 1041 657 1115 minime
674 1065 848 1138 quaeras,
875 1041 1048 1141 dispersa
1065 1040 1253 1144 leguntur,
1274 1044 1316 1117 in
1330 1071 1449 1125 unum

407 1193 654 1284 compactum
685 1187 809 1291 posita
839 1185 1108 1263 exlrihean'ttu.
1170 1187 1321 1287 Quare,
1359 1191 1449 1266 licet

405 1331 543 1406 vellem
569 1329 665 1403 nihil
692 1332 828 1428 plane,
853 1331 959 1428 quod
984 1331 1113 1429 alitpro
1138 1333 1257 1408 modo
1282 1335 1332 1408 ad
1356 1334 1448 1411 Vel-

405 1475 522 1549 loium
555 1474 744 1572 pertinet,
779 1496 845 1549 me
874 1473 1037 1576 fugisse,
1072 1484 1205 1551 tamen
1226 1476 1446 1555 murenam
1529 1512 1532 1521 ·

402 1620 612 1695 editionem
638 1627 811 1693 nostram
840 1643 909 1713 eo,
955 1618 1060 1716 quod
1090 1642 1236 1717 paucae
1270 1620 1446 1701 vnomm

402 1764 603 1839 doctormn
624 1763 866 1837 coniecturae
889 1760 927 1837 ei
951 1761 1100 1857 denmt,
1125 1786 1308 1865 magnum
1323 1765 1444 1841 datri-

401 1916 575 1983 mentum
611 1906 757 2005 cepisse
788 1930 868 1979 non
896 1905 1147 1994 crediderim,
1181 1932 1226 1984 ac
1255 1916 1347 1984 ttmc
1371 1910 1443 1985 de·

403 2077 510 2128 mum
528 2051 675 2149 aliquid
698 2057 899 2150 peccatum
918 2073 1001 2123 essa
1026 2050 1269 2147 existimabo,
1296 2053 1330 2127 si
1353 2077 1442 2130 cer.

401 2196 553 2270 tissimis
567 2195 798 2296 argumentis
816 2195 1108 2292 comprobatum
1125 2193 1256 2291 luerit,
1274 2196 1441 2296 aliquam

401 2366 466 2415 uos
491 2340 803 2416 emendationem
824 2364 903 2414 non
928 2338 1113 2434 attulisse,
1139 2363 1240 2438 quaa
1265 2341 1440 2419 omniun

399 2508 585 2561 consensu
608 2483 650 2557 in
673 2491 821 2558 textum
844 2480 1063 2582 recipienda
1083 2481 1143 2557 sit.
1195 2481 1330 2582 siqui
1344 2507 1440 2563 vero

400 2629 484 2726 sint,
505 2628 574 2728 qui
600 2628 649 2701 de
669 2627 789 2701 nimia
809 2626 1053 2701 multitudine
1076 2626 1325 2704 collectamrn
1345 2653 1440 2704 con-

397 2775 630 2849 iecturarum
656 2778 879 2870 querantur,
902 2771 1084 2847 acbonas
1098 2774 1363 2848 tantummodo
1378 2773 1439 2847 af·

397 2916 573 3004 lor-endas
613 2916 732 2991 flasse
771 2913 1019 3009 contendant,
1071 2922 1219 2991 ceteras
1253 2914 1439 2998 oblivioni

396 3062 621 3156 tradendas,
656 3059 704 3133 iis
737 3057 851 3137 facile
882 3058 1051 3134 concedo
1081 3057 1227 3133 habere
1262 3058 1438 3159 ipsorum

396 3205 623 3281 sententiam
656 3203 763 3303 quod
798 3203 1043 3302 probandum
1074 3202 1201 3278 videri
1224 3203 1366 3303 possit,
1399 3206 1436 3282 si
1487 3199 1490 3206 ’

395 3352 510 3426 modo
536 3356 743 3443 constaret,
766 3347 906 3445 quibus
930 3346 1068 3421 linibus
1092 3347 1215 3423 lronae
1239 3348 1436 3424 coniectu-

397 3519 462 3582 rae
491 3519 518 3570 a
548 3491 661 3568 malis
696 3491 987 3586 dirimerentur,
1019 3499 1085 3567 aut
1115 3490 1183 3565 ubi
1219 3463 1437 3570 coniectu-n

399 3637 521 3733 aliqua
550 3638 652 3711 bona
687 3659 770 3712 esse
803 3635 1006 3711 desineret.
1063 3634 1142 3710 Sed
1174 3660 1296 3733 quum
1320 3637 1436 3714 etiam

397 3780 582 3877 pessimae
608 3780 749 3854 ducere
773 3780 919 3879 possint
943 3778 995 3854 ad
1012 3777 1190 3878 optimas,
1216 3778 1291 3854 hoo
1307 3778 1435 3877 ipsum

398 3922 473 3998 iam
506 3922 647 3998 sufficit
675 3924 725 3999 ad
757 3924 910 4000 illarum
939 3920 1194 4021 patrocinium
1225 3923 1435 4024 smcipien·

398 4066 509 4162 dum,
552 4092 651 4163 quae
692 4093 740 4143 eo
773 4068 900 4143 minus
931 4068 1117 4142 molestae
1147 4066 1233 4142 fieri
1262 4076 1434 4167 possrmt,

398 4235 511 4305 quum
537 4210 693 4313 singulis
712 4210 934 4288 refellendis
957 4211 1145 4289 lectorum
1161 4212 1240 4288 otio
1264 4238 1342 4285 non
1362 4212 1435 4285 ab·

396 4355 454 4426 usi
477 4355 618 4450 simus,
648 4360 696 4431 ad
727 4357 930 4433 nomiliam
955 4364 1127 4431 nostrum
1151 4356 1321 4429 sufficere
1346 4354 1433 4452 rati,

395 4497 426 4570 si
450 4507 646 4597 receptam
669 4501 928 4584 comesturam
952 4501 1006 4578 ita
1032 4498 1263 4603 argumentis
1286 4498 1433 4576 idoneis
