3667 5425
673 745 735 808 aa
764 745 967 811 sesiam
996 747 1123 818 msa
1370 754 1421 849 ,ιιι

362 914 577 1011 praefectus
596 925 743 1013 equitum
763 919 798 989 in
821 913 1057 1010 Germaniam,
1084 944 1330 995 successor
1352 925 1420 1019 of-

356 1036 468 1145 sici
491 1053 647 1146 putris
678 1076 769 1124 mei.
824 1051 980 1125 Patruum
1008 1055 1116 1128 laudat
1133 1056 1200 1146 ,his
1234 1058 1346 1131 vorbis
1371 1060 1416 1153 Π,

368 1189 436 1277 69,
465 1189 510 1289 5.Ι
558 1185 630 1277 (luo
662 1207 814 1283 tempore
842 1185 1018 1284 Capito,
1050 1204 1415 1289 patruusmeus,
1528 1226 1534 1233 ·

368 1325 427 1394 vir
460 1322 595 1397 ordinis
626 1326 817 1416 senatorii,
856 1322 1044 1422 Agrippae
1076 1328 1288 1424 subscripsit
1312 1332 1348 1403 in
1376 1328 1414 1405 C.

370 1456 538 1531 Cassium.
594 1455 704 1532 Avum
737 1459 881 1532 celebrat
901 1460 951 1552 Π,
980 1461 1043 1552 76,
1075 1466 1111 1535 1.
1177 1463 1277 1555 (laod
1303 1466 1416 1539 alieno

365 1597 596 1667 testi'mom'iam
610 1594 804 1689 redderem,
834 1620 874 1668 eo
890 1621 958 1670 non
973 1599 1157 1690 fraudabo
1176 1622 1273 1672 anum
1291 1624 1412 1674 meuin.

366 1729 506 1826 Quippe
524 1728 561 1804 C.
583 1729 753 1825 Velleius,
781 1731 1046 1806 honoratissimo
1067 1736 1158 1806 i‘iiter
1177 1737 1257 1821 illas
1282 1748 1415 1811 trecen·
1471 1760 1473 1775 ·

364 1870 433 1939 tos¹
455 1870 645 1965 seuagi'nta
676 1867 811 1940 audreas
841 1870 917 1941 loco
942 1888 975 1942 'a
1002 1867 1061 1943 Cn.
1091 1870 1254 1968 Pompeio
1290 1873 1413 1965 lectus,

367 2001 520 2075 eiusdem
565 2000 750 2100 Marcique
785 2003 891 2076 Bruti
933 1990 975 2076 ae
1013 2004 1088 2079 Tib.
1125 2006 1281 2082 Neronis
1309 2031 1414 2103 prae-

350 2138 488 2230 fictis
503 2138 675 2235 fabum,
712 2142 768 2211 air
791 2142 882 2214 nulli
910 2141 1106 2233 secundus,
1143 2145 1178 2213 in
1213 2138 1412 2239 Campania,

362 2275 532 2373 digressu
552 2274 708 2350 Neronis
735 2300 757 2348 a
781 2270 955 2373 Neapoli,
984 2279 1103 2368 cuius,
1133 2277 1175 2348 ob
1201 2275 1414 2375 augularem

361 2434 445 2482 cum
471 2432 514 2482 eo
539 2412 748 2504 amicitiam,
777 2415 932 2508 partium
956 2412 1095 2484 adiutor
1108 2413 1258 2507 ficerat,
1287 2418 1415 2512 granis

293 2530 297 2537 ¹
361 2549 434 2618 iam
461 2557 576 2619 aetate
602 2557 811 2642 et-eoipore
837 2572 914 2621 eum
941 2572 1054 2621 comes
1080 2572 1158 2622 esse
1183 2574 1251 2623 ison
1273 2561 1410 2645 posset,

358 2680 487 2781 gladia
511 2704 552 2754 se
577 2684 655 2779 ipse
679 2683 868 2778 tranfflait.

468 2814 629 2891 ADecio
653 2818 787 2915 Magio,
824 2820 1061 2916 Campanorum
1086 2819 1254 2912 principe,
1289 2818 1352 2890 fide
1379 2821 1414 2891 ia

361 2955 529 3028 Romanos
545 2969 580 3027 ot
594 2954 743 3026 fortunae
760 2954 897 3027 ludihn’o
917 2955 1097 3027 clarissimo
1116 2956 1167 3046 (v.
1184 2953 1263 3026 lm.
1275 2951 1410 3046 XXIII,

361 3093 402 3164 7.
422 3105 459 3163 et
474 3092 568 3181 io),
597 3089 690 3162 duxit
712 3113 818 3186 genus
841 3104 1036 3180 maternum,
1056 3104 1093 3161 ut
1110 3088 1205 3161 docet
1230 3089 1273 3179 II,
1292 3092 1354 3181 16,
1369 3091 1409 3162 2.

358 3225 491 3323 Neque
520 3249 586 3324 ego
620 3228 830 3299 verecundia
857 3227 1039 3298 domestici
1065 3226 1249 3323 sanguinis
1270 3198 1412 3322 glorias

359 3365 568 3460 quiequam,
597 3362 674 3434 dum
700 3387 814 3434 aerum
837 3364 980 3456 reffero,
1010 3359 1222 3432 subtraham.
1279 3357 1412 3454 Quippe

360 3500 504 3570 multum
534 3496 675 3570 Munati
703 3498 827 3597 Magi,
873 3499 971 3570 alani
1008 3499 1097 3588 mei,
1138 3492 1409 3587 Aeculanensis,

363 3634 581 3706 tribuendum
616 3645 672 3705 est
701 3636 907 3723 memoriae,
945 3635 1007 3729 qui
1034 3654 1143 3726 nepos
1175 3629 1267 3701 Deci
1288 3609 1428 3727 Magi„

362 3768 615 3864 Campanorum
651 3772 852 3866 principis,
897 3767 1119 3839 celeberrimi
1154 3776 1192 3833 ct
1209 3765 1416 3856 fidelissimi

357 3903 455 3996 ciri',
484 3915 612 3977 tantam
635 3905 709 3977 lioo·
725 3907 813 3977 bello
838 3903 1002 3976 Romanis
1015 3900 1125 3994 fidem
1143 3887 1347 3997 praestitit,
1375 3911 1416 3974 ut

359 4065 442 4113 cum
468 4041 626 4137 legione,
663 4065 762 4137 quam
784 4042 863 4135 ipse
887 4041 922 4111 in
950 4038 1108 4133 Hirpinis
1135 4038 1409 4132 cornoripserat,

359 4176 618 4248 Herculaneum
643 4178 747 4248 simul
764 4199 838 4246 cum
858 4174 898 4246 Τ.
919 4143 1022 4247 Diilia
1047 4183 1202 4268 caperet,
1230 4172 1413 4269 Pompeias

361 4336 442 4383 cum
466 4310 509 4383 L.
538 4309 636 4384 Sulla
668 4321 888 4409 oppugnaret
925 4307 1166 4405 Compsamque
1200 4315 1412 4399 occuparet,·

362 4449 466 4520 cuius
494 4447 536 4518 de
562 4448 747 4520 virtutibus
772 4471 847 4519 aum
874 4449 956 4540 alii,
994 4457 1062 4517 tum
1087 4442 1234 4512 manime
1263 4440 1413 4512 dilucide

363 4580 407 4674 (l.
438 4581 645 4664 Hortensius
669 4586 706 4657 in
733 4582 915 4658 animalibus
940 4584 1015 4655 suis
1043 4577 1173 4651 retulit.
1232 4574 1335 4649 Cuius
1360 4575 1417 4648 illi

1144 4714 1163 4783 1
1178 4710 1199 4763 *
