3667 5425
567 800 572 807 -
604 757 665 822 uu
690 757 894 824 VELLEII
919 758 1090 826 urunt.
1239 759 1369 826 xxxrtr

318 930 421 1005 vitam
447 929 521 1026 egit
546 951 707 1025 peraeae
732 927 864 1024 sobrie3
892 953 977 1002 vana
1002 930 1160 1004 honorum
1181 945 1370 1006 constanter
1405 1007 1417 1031 ,

318 1079 518 1164 aspernatus
544 1060 621 1157 est,
649 1079 685 1139 et
704 1089 765 1162 por
789 1067 923 1164 longum
948 1080 1077 1163 tempus
1099 1090 1239 1163 aequum
1265 1092 1303 1139 se
1330 1093 1367 1141 ae

318 1203 452 1277 civilem
485 1197 649 1299 praebuit.
718 1202 784 1275 llas
820 1204 965 1300 aliasque
1001 1205 1142 1276 virtutes
1169 1198 1369 1301 'quamquam

317 1338 502 1413 verisimile
537 1351 590 1410 est
623 1360 699 1410 eum
729 1339 901 1411 simulasse
937 1339 1087 1431 tantum,·
1118 1339 1297 1437 callideque
1325 1342 1367 1413 iis
1498 1405 1503 1411 .

320 1474 415 1548 animi
449 1475 517 1553 sui.
534 1472 728 1568 pravitatem
761 1474 969 1566 occultasse,
1005 1471 1066 1547 hoe
1102 1489 1208 1548 tamen
1240 1489 1369 1549 constat

318 1612 417 1685 alium
451 1630 527 1682 eumn
559 1610 671 1705 priore
704 1608 846 1705 imperii
864 1625 957 1706 parte
990 1611 1116 1702 luisse,
1160 1609 1257 1683 alium
1293 1625 1369 1706 post
1433 1657 1460 1708 „-

319 1745 477 1822 Seianum
517 1767 747 1840 oppressum‚·
768 1739 818 1818 'err'
851 1767 916 1842 quo
949 1758 1095 1840 tempore
1129 1745 1213 1818 omni
1243 1743 1368 1840 pudore

320 1895 421 1983 exuto
453 1880 655 1955 cnrdclitatis
686 1879 960 1978 uelandammque
994 1877 1162 1954 libidinum
1177 1884 1369 1955 'monstrum

322 2018 441 2091 evasit.
491 2016 644 2092 Velleius
669 2017 772 2114 igitur
796 2039 894 2114 quum
927 2029 1002 2090 ante
1032 2017 1093 2089 lroc
1123 2030 1251 2113 tempus
1286 2018 1365 2090 scri*

323 2153 427 2250 poerit
434 2205 447 2244 ,
480 2151 628 2249 prolecto
650 2154 681 2224 ei
706 2176 772 2226 non
796 2165 905 2248 potest
930 2153 1045 2249 culpae
1072 2152 1162 2246 dari,
1189 2152 1275 2249 quod
1299 2146 1367 2226 iron
1498 2242 1509 2263 .

321 2290 419 2365 λιλατι
451 2287 577 2363 'liberii
608 2288 781 2385 imaginem
813 2287 987 2381 exhibuit,
1021 2289 1149 2386 qualem
1180 2313 1225 2361 ex
1250 2286 1366 2363 Tacito

322 2441 353 2500 et
368 2423 531 2501 Suetonio
554 2423 727 2519 haustam,
754 2426 810 2522 qui
836 2422 1014 2521 postrema·
1029 2427 1101 2498 eius
1129 2437 1274 2521 tempora
1299 2430 1365 2497 ma·

322 2564 406 2637 xime
431 2535 697 2656 descripserunt,
730 2583 791 2656 pro
821 2562 915 2633 unice
942 2584 1022 2635 vera
1046 2560 1167 2647 habere
1193 2562 1365 2635 consuevi·

323 2724 406 2774 rnus.
459 2696 653 2773 Meminisse
677 2697 786 2793 potius
812 2695 969 2791 iuvabit,¹
989 2720 1072 2795 quac
1099 2696 1137 2770 de
1155 2696 1288 2772 Tiberio
1310 2695 1366 2770 de·

325 2836 432 2910 functo
456 2835 615 2908 iudicavit
635 2832 701 2926 llio
728 2831 864 2907 Cassius
889 2831 1016 2922 LVIII,
1033 2834 1098 2903 28.
1117 2855 1149 2926 p.
1170 2832 1258 2906 900.
1308 2841 1368 2905 Τι-

323 2975 435 3067 βέριος
447 2974 511 3060 μὲν
532 2972 595 3068 δὴ,
621 2972 831 3054 -ττλτλστας
851 2972 926 3057 μὲν
946 2966 1117 3061 ἀρετὰς,
1147 2970 1309 3053 πλείστας
1330 2969 1373 3042 dd

324 3107 441 3191 κακίας
461 3105 561 3194 ἔχων,
589 3107 647 3177 καὶ
668 3104 843 3197 ἑκατέραις
862 3101 996 3188 αὐταῖς,
1026 3102 1150 3188 ὡς’καὶ
1171 3102 1292 3193 μόναις
1313 3131 1367 3175 κε·

322 3237 497 3328 spondeos,
518 3233 608 3306 odeo
628 3234 670 3326 δὴ
689 3231 893 3327 μετήλλαξε,
915 3253 959 3301 ex
978 3251 1042 3325 quo
1063 3228 1267 3325 laeilepatet
1287 3227 1366 3302 Vel·

325 3370 418 3444 leium
455 3365 635 3456 habuisse,
670 3363 710 3437 ob
745 3387 827 3463 quae
861 3361 1091 3459 imperatorem
1121 3388 1216 3438 suum
1249 3364 1366 3438 merito

325 3504 545 3601 proclinaret,
579 3524 685 3599 neque
719 3500 868 3574 adulandi
900 3500 1009 3574 studio
1044 3501 1141 3576 falsas
1177 3501 1221 3573 illi
1254 3498 1367 3573 laudes

421 3771 549 3870 Quodsi
574 3774 673 3848 etiam
697 3774 747 3846 sic
770 3774 871 3847 multa
896 3785 1086 3859 remanent,
1121 3772 1153 3840 in
1180 3766 1297 3865 quibus
1320 3768 1368 3839 ni·

326 3914 403 3986 nius
429 3897 534 3988 luisse
559 3910 750 4008 modumque
777 3909 964 3984 excessisse
992 3908 1163 3996 videatur,
1190 3902 1368 4001 prudentes
1466 4005 1470 4010 Ι

327 4061 428 4122 umen
452 4049 575 4144 ingenii
590 4046 754 4126 Velleiani
775 4047 1018 4119 existimatores
1039 4069 1101 4118 non
1120 4042 1240 4139 lugiet,
1268 4063 1367 4139 quan·

329 4196 390 4258 tum
421 4184 505 4258 haec
539 4207 667 4280 quoque
701 4184 923 4256 excusationis
960 4181 1099 4255 habeant
1131 4179 1170 4252 ab
1204 4177 1369 4250 rhetorico

328 4322 477 4397 orationis
495 4319 629 4410 colore,
658 4343 754 4417 quern
781 4342 841 4414 pro
864 4339 1026 4414 perversa
1052 4316 1168 4388 aetatis
1193 4335 1273 4386 suae
1293 4325 1368 4419 eon·

327 4436 494 4531 suetudine
523 4456 628 4552 magis
661 4457 785 4529 Inscius
813 4479 908 4552 quam
940 4454 980 4526 de
1006 4452 1166 4526 industria
1190 4449 1281 4543 operi
1309 4462 1370 4520 suo·
1504 4542 1507 4548 Ι

326 4592 463 4668 induxit.
518 4591 603 4669 Nam
630 4606 667 4667 ut
691 4594 760 4665 vita
785 4604 821 4665 et
845 4591 988 4665 moribus
1017 4589 1103 4664 illius
1129 4587 1286 4683 temporis
1313 4583 1369 4684 ho·¹

1135 4723 1158 4793 8
