3667 5425
641 748 701 814 nn
725 749 928 814 vannum
950 716 1083 816 rma.
1124 770 1131 789 ›
1305 756 1375 850 Νιιι

328 919 482 1018 abditus-3
520 917 579 991 sed
612 931 651 990 ut
677 921 800 991 otiosae
828 921 915 992 vitae
940 944 1072 1011 cursum
1098 923 1138 994 iis
1165 921 1377 1020 dispungeret

329 1059 563 1147 aenariam,
599 1055 863 1152 quemadmodum
895 1057 1024 1148 solent,
1060 1060 1115 1154 qui
1139 1037 1203 1132 non
1229 1085 1249 1132 a
1274 1065 1377 1156 prima

328 1209 438 1268 aetate
465 1194 649 1266 litterarum
673 1194 850 1287 cognitioni
872 1195 988 1266 intenti
1015 1197 1167 1268 maiorem
1191 1198 1279 1268 vitae
1303 1221 1376 1292 parf

331 1346 396 1405 tem
422 1330 523 1403 rebus
544 1327 698 1424 gerendis
720 1312 957 1423 impenderunt.
999 1328 1111 1404 Otiose
1130 1331 1295 1406 Velleium
1315 1333 1375 1410 sub

332 1468 470 1542 Tiberio
487 1467 608 1540 Romae
631 1467 757 1536 vixisse
782 1465 923 1560 produnt
944 1466 1049 1539 verba
1071 1469 1125 1539 ida
1146 1468 1190 1559 Η,
1219 1473 1306 1561 tot,
1334 1473 1373 1544 3.·

328 1604 428 1676 houd
446 1603 634 1676 aniccuado
650 1613 841 1693 terrerum,
861 1604 1027 1696 locorum,
1049 1608 1217 1702 gentium,
1243 1607 1376 1678 crba'um

328 1738 659 1841 recordatione
688 1739 930 1834 perfruor,
984 1763 1067 1834 quae
1106 1765 1169 1812 non
1200 1756 1378 1847 potuerunt

329 1877 431 1950 scribi
464 1877 527 1948 nisi
558 1875 598 1947 ab
629 1874 780 1963 homine,
816 1875 871 1971 qui
896 1876 959 1946 iam
989 1875 1106 1948 dudum
1139 1902 1159 1960 a
1194 1892 1375 1952 castrorum
1426 1948 1430 1957 .

331 2020 474 2108 strepitu
495 2025 641 2085 remotus
667 2025 816 2107 tanquam
851 2011 885 2082 in
914 2025 1043 2106 portum
1068 2013 1196 2108 quietae
1225 2017 1311 2087 vitae
1338 2040 1375 2088 se

329 2139 538 2246 recepisset,
567 2172 604 2220 ac
631 2147 779 2219 libenter·
792 2146 925 2218 militiae
952 2152 1135 2220 transactae
1161 2150 1374 2250 meminisset.

329 2285 456 2358 Eodem
481 2286 634 2382 pertinet?
649 2284 743 2356 locus
766 2283 811 2374 ΙΙ,
838 2283 900 2375 52,
919 2287 957 2354 t.
986 2295 1027 2356 ut
1046 2287 1193 2356 mt‘lt'tcri
1211 2273 1249 2358 et
1270 2289 1375 2362 uerbo

329 2449 382 2495 co·
411 2419 734 2495 consuetudine
759 2431 858 2512 utor,
887 2418 944 2491 ubi
969 2445 1006 2492 v.
1030 2443 1112 2516 qnae
1133 2424 1373 2497 annotavimus.

331 2558 396 2651 Qui
412 2562 526 2630 'autem
551 2559 585 2630 in
612 2557 727 2629 castris
749 2557 837 2628 inter
853 2555 978 2628 Tiberii
999 2559 1165 2652 proximos
1184 2574 1274 2632 esset
1295 2562 1387 2633 mni

330 2712 429 2792 toque
462 2696 532 2768 eius
555 2694 668 2768 favore
694 2705 729 2765 et
753 2695 859 2789 gratia
886 2694 1071 2785 frueretur,
1098 2694 1234 2768 eundem
1260 2712 1376 2792 postea

334 2856 460 2929 qnoque
485 2834 520 2904 in
547 2831 618 2903 eius
644 2830 755 2901 amicis
782 2830 1042 2925 fuisse‚·neque
1069 2853 1130 2923 per
1149 2838 1192 2901 'se
1215 2855 1235 2902 a
1257 2834 1375 2904 nerisi-

331 2969 510 3059 miiitndine
536 2967 708 3056 abhorret,
739 2979 773 3038 ct
799 2990 841 3037 ex
868 2966 936 3061 ipsa
953 2964 1075 3039 -Velleii
1093 2968 1237 3038 oratione
1259 2968 1376 3043 incolt,
1435 3063 1442 3073 ἱ

331 3106 420 3200 gitur
443 3103 615 3177 admodum
633 3102 830 3198 perspicue,
859 3103 977 3198 qnippe
1003 3121 1086 3199 quae
1112 3104 1279 3199 ingenium
1302 3129 1397 3200 pro-s
1455 3160 1457 3163 -

331 3241 385 3312 dat
409 3242 510 3335 longo
535 3263 599 3311 usn
624 3238 718 3311 auiae
745 3238 1030 3311 accommodatum.
1087 3238 1179 3331 Quae
1198 3264 1254 3311 res
1279 3263 1376 3338 quom
1492 3272 1494 3276 ·
1531 3232 1535 3237 ’

332 3390 419 3448 arete
446 3374 622 3448 cohaereat
644 3360 931 3476 eum-adulationis
958 3376 1113 3464 crimine,
1143 3399 1206 3471 quo
1229 3378 1376 3473 plerique

333 3511 494 3584 Vellcinm
524 3524 722 3600 onerarunt,
757 3511 861 3606 capite
895 3525 1077 3606 sequente,
1114 3511 1179 3583 nbi.
1198 3512 1229 3583 id
1253 3512 1376 3585 diluere
1473 3536 1483 3544 ·

337 3648 551 3738 conabimur,·
569 3646 677 3741 paullo
704 3648 887 3718 accuratius
917 3670 987 3718 eam
1011 3647 1233 3719 tractabimus.
1359 3711 1361 3720 .

432 3784 583 3879 lienique
610 3808 629 3854 a
653 3782 768 3855 studiis
794 3780 958 3857 Velleium
984 3804 1043 3875 par
1074 3797 1179 3854 totum
1212 3784 1268 3852 otii
1296 3796 1375 3854 tem·

337 3944 393 4013 pus
416 3921 651 3992 nonalienum
673 3919 789 4009 inisse,
818 3920 955 4013 primum
981 3916 1041 3988 hoc
1062 3919 1166 4013 ipsum
1186 3916 1376 3992 documento
1458 3985 1460 3989 Α

339 4069 407 4147 est,
442 4055 530 4155 quod
556 4058 642 4131 intra
667 4078 842 4153 paucorum
866 4056 1191 4151 mensinmaespatium
1217 4059 1267 4150 (v.
1297 4056 1376 4130 Pro·

340 4192 454 4286 legem.
485 4217 517 4263 c.
546 4192 607 4287 II.)
644 4192 811 4264 historiam
837 4191 1012 4265 Romanam
1045 4193 1238 4287 composuit.
1267 4210 1269 4214 ·
1296 4192 1381 4283 Quia

344 4329 419 4399 enim
444 4352 461 4400 a
486 4329 612 4402 dittcris
639 4328 815 4401 abhorrens
837 4329 892 4400 vel
916 4353 1024 4402 earum
1052 4329 1141 4400 rudis
1164 4328 1239 4399 talis
1267 4328 1376 4421 operia
1502 4335 1503 4338 ’

345 4463 700 4560 sententiantium
728 4479 834 4537 mente
862 4467 1070 4560 conciperet,
1105 4477 1162 4535 ant
1187 4476 1377 4559 conceptum

333 4599 532 4692 'perficercti
572 4600 639 4676 Sed
665 4603 765 4676 multo
791 4603 893 4699 magis
913 4611 1010 4674 ‘amor
1036 4615 1133 4699 atque
1157 4599 1300 4673 studium
1325 4601 1376 4672 iit·
