3667 5425
400 757 449 807 sn
790 730 1047 805 cumiano:

399 904 604 1003 moriensi,
637 930 804 1006 quorsum
836 906 902 987 alii
933 905 1042 983 libris
1066 902 1276 978 rarioribus
1303 901 1447 976 libera-

399 1053 490 1127 liter
515 1050 791 1145 concedendis,
824 1050 891 1128 alii
910 1049 1240 1126 emendationibus
1266 1047 1345 1122 suis
1370 1047 1447 1121 bu·

398 1196 619 1271 manissime
667 1194 867 1270 nobiscum
907 1193 1254 1288 commrmioaudis,
1306 1216 1445 1267 omues

398 1364 495 1417 vero
529 1340 654 1416 studio
689 1347 804 1438 atqie
841 1341 1039 1416 voluntate
1078 1339 1131 1415 ita
1174 1363 1245 1414 nos
1280 1338 1445 1412 adiuve-

397 1491 508 1581 runt,
538 1491 605 1580 ut,
640 1492 881 1583 quantopere
915 1483 990 1557 illis
1026 1482 1200 1559 obstricti
1234 1483 1384 1578 simus,
1415 1482 1447 1556 ii

396 1630 515 1704 modo
552 1635 657 1703 recte
689 1630 891 1704 aestimare
928 1627 1096 1726 possint,
1132 1626 1200 1724 qui
1233 1651 1370 1726 parem
1401 1626 1445 1701 in

396 1797 443 1848 re
473 1772 589 1846 simili
621 1773 785 1849 anunm
816 1772 1123 1849 benevolentiam
1156 1771 1307 1871 experti
1341 1778 1443 1846 sunt.

396 1916 648 2015 Aliquantum
683 1924 813 1992 autem
837 1918 911 1991 isto
937 1915 1251 1992 emendationum
1275 1915 1445 1990 Velleia-

399 2085 539 2137 narum
571 2059 614 2134 in
644 2086 765 2136 rmum
795 2084 933 2160 corpus
959 2060 1256 2160 colligendarum
1282 2060 1478 2135 cumdio.

311 2194 313 2199 ¹
400 2206 646 2280 discessimus
677 2204 726 2280 ab
759 2204 925 2298 Orellio,
962 2204 1029 2302 qui
1059 2205 1324 2280 tantummodo
1356 2203 1444 2278 edi-

401 2348 516 2425 tionis
550 2348 757 2449 principis,
804 2348 1030 2424 Basileensis
1066 2357 1107 2423 et
1140 2349 1443 2424 Ruhnkeniauae

398 2493 603 2569 lectionem
622 2493 809 2595 integram
834 2493 977 2587 attulit,
1011 2500 1225 2567 cetoramm
1250 2480 1445 2568 coniectu-

398 2660 532 2713 rarum
562 2637 753 2714 deleotum
780 2637 974 2734 exhibuit,
1008 2662 1058 2710 ne
1082 2637 1255 2713 indicatis
1280 2638 1442 2737 quidem

398 2781 517 2877 locis,
565 2783 634 2856 ubi
678 2805 853 2882 quaeque
894 2782 1112 2883 propositae
1157 2783 1354 2883 leguntur,
1397 2808 1445 2859 ao

398 2927 531 3001 multis
565 2927 738 3022 omissis,
781 2951 881 3025 quae
912 2928 967 3002 ita
1003 2935 1128 3003 certae
1156 2934 1262 3021 sunt,
1296 2933 1340 3001 ut
1372 2951 1444 3001 ne-

399 3069 565 3145 cessario
585 3069 628 3142 in
651 3075 800 3144 textum
824 3071 947 3169 recipi
969 3071 1146 3145 debeant.
1184 3070 1262 3144 Has
1287 3071 1442 3145 anobis

397 3213 439 3288 in
465 3214 593 3287 lucem
611 3220 821 3314 protractas
845 3237 929 3288 esse
953 3237 1187 3312 quamquam
1215 3215 1442 3290 confidimus

397 3381 532 3433 omnes
550 3358 797 3457 probaturos,
824 3365 956 3431 tamen
977 3359 1116 3432 multos
1140 3358 1224 3432 fore
1248 3359 1443 3457 putamus,

316 3527 322 3534 ·
396 3500 530 3601 quiin
554 3500 774 3601 colligendis
797 3501 968 3599 mdiqre
993 3501 1218 3577 coniecturis
1241 3502 1440 3604 negligen-

392 3646 472 3721 tiae
495 3669 567 3720 nos
601 3651 801 3740 accusent,
838 3643 1067 3743 criminiqre
1099 3645 1210 3739 dent,
1246 3648 1349 3745 quod
1372 3647 1441 3723 hic

394 3789 473 3865 illic
494 3790 748 3891 repar-ianm,
776 3814 872 3889 quas
895 3789 1041 3865 frustra
1060 3788 1102 3863 in
1121 3788 1288 3863 editione
1306 3798 1441 3868 nostra

395 3957 575 4031 quaeras.
635 3934 739 4007 Alios
774 3942 905 4008 contra
939 3933 1116 4009 videmus
1156 3930 1327 4028 suanos,
1371 3936 1441 4033 qui

393 4074 507 4150 nimis
530 4076 651 4149 multa
675 4100 746 4150 nos
773 4074 1004 4177 congessisse
1030 4085 1207 4177 arguant,
1235 4102 1439 4179 magnum-

358 4244 469 4326 ‘que
501 4226 671 4320 partam,
706 4219 848 4320 (puppa
882 4244 1000 4318 (pram
1028 4219 1205 4295 inutilem
1238 4222 1366 4297 dicant
1398 4231 1439 4299 et

391 4365 603 4465 legentibus
626 4366 829 4440 molestam
836 4416 849 4457 ,
876 4364 1010 4438 abesse
1034 4363 1180 4439 malint.
1216 4363 1265 4437 At
1288 4364 1345 4437 illi
1369 4391 1438 4440 ra-

391 4513 546 4610 putent,
570 4510 639 4585 vix
664 4534 689 4585 a
714 4531 908 4609 quoquam
926 4510 991 4607 id,
1017 4509 1123 4609 quod
1141 4506 1293 4603 volunt,
1318 4533 1438 4608 prae·
