3667 5425
396 739 424 800 ll
630 731 1015 797 PROLEGOMENA.
1059 729 1145 793 CAP.
1165 730 1188 790 l.

398 908 611 1004 pronunciat,
644 903 809 978 Velleittm
836 901 932 973 liuius
959 902 1008 971 rei
1038 900 1254 971 narrationem
1280 899 1366 970 iusto
1393 898 1440 969 hi..

400 1045 520 1117 storiae
549 1041 663 1134 operi,
692 1039 789 1111 toties
817 1038 1003 1131 promisso,
1034 1059 1211 1124 servasse,
1241 1030 1299 1105 scd
1326 1018 1385 1106 cu⁰r
1411 1034 1442 1105 itl

275 1200 288 1215 ·
399 1182 432 1251 in
459 1178 516 1249 hac
542 1198 608 1247 una
633 1198 669 1245 rc
696 1174 831 1262 lecerit,
861 1196 925 1243 non
952 1171 1072 1243 locuit.
1116 1170 1224 1263 Quare
1251 1185 1287 1242 ut
1306 1180 1441 1265 prorsus

400 1316 559 1386 incertum
586 1325 661 1399 cst,
690 1312 761 1404 quis
787 1309 841 1379 illc
861 1305 954 1379 Puhl.
977 1306 1127 1380 Velleius
1151 1308 1270 1403 luerit,
1299 1309 1354 1402 qui
1371 1306 1441 1379 Ma·

400 1448 553 1521 cedoniae
585 1446 823 1540 praefecturam
857 1442 1017 1533 obtinuit,
1051 1444 1097 1514 ita
1129 1456 1182 1514 est
1208 1445 1441 1533 certissimum,

401 1609 474 1656 cum
507 1608 527 1653 a
557 1550 688 1655 Velleio
723 1580 880 1674 scriptore
897 1577 1015 1661 'fuisse
1048 1576 1227 1650 diversum.
1288 1578 1342 1651 Ex
1378 1602 1442 1674 quo

401 1719 496 1791 simul
521 1730 633 1812 patet,
668 1738 764 1821 quam
795 1714 978 1787 inconsulto
1012 1728 1130 1808 agant,
1167 1716 1222 1810 qui
1256 1714 1310 1785 illo
1335 1712 1443 1787 Taciti

400 1856 471 1927 loco
499 1850 636 1948 probare
653 1850 804 1921 studeant
821 1849 952 1941 Velleio
969 1873 1163 1943 praenomen
1176 1849 1298 1921 Paeto
1322 1850 1439 1923 luisse.

400 1989 476 2063 Non
501 1987 605 2081 magis
632 1983 762 2057 dubium
789 1998 842 2055 cst
867 1982 946 2056 Can·
964 1956 1181 2079 praenomen,
1209 1986 1294 2083 quotl
1314 1984 1454 2098 Rheno-r

401 2149 461 2198 nus
490 2124 609 2219 pagina
631 2123 733 2216 prima
752 2120 908 2192 editionis
944 2142 1022 2192 suae
1055 2121 1179 2215 posuit.
1232 2120 1316 2194 Nam
1343 2146 1442 2223 quum
1482 2152 1496 2169 ‘

401 2261 484 2331 illem
503 2261 535 2329 in
553 2257 647 2328 titulo
665 2257 853 2351 scripsisset
871 2255 911 2327 P.
931 2254 1049 2329 Vellei
1061 2256 1252 2348 Paterculo,
1278 2258 1311 2328 in
1324 2256 1440 2330 Amer-

399 2394 554 2468 bachiano
569 2405 678 2465 autem
695 2391 879 2487 apographo
894 2392 1016 2465 nullum
1028 2416 1224 2487 praenomen
1240 2409 1448 2489 compareat,-

400 2529 472 2603 inle
500 2528 622 2617 clarum
639 2539 692 2599 cst
711 2526 872 2633 incolicc
887 2526 1117 2624 lllurbaccnsi,
1143 2552 1186 2601 ex
1209 2554 1272 2625 quo
1291 2544 1325 2602 et
1343 2530 1440 2603 editio

400 2666 551 2762 princeps
577 2660 674 2736 fluxit
696 2674 730 2735 ct
746 2648 953 2740 Amerlmchii
975 2665 1189 2759 exemplum,
1206 2664 1327 2740 nullum
1345 2666 1441 2762 plane

335 2845 339 2852 ·
398 2823 593 2899 praenomen
627 2800 753 2890 luisse,
789 2799 848 2872 sed
874 2800 1063 2874 Rhenanam
1096 2813 1268 2898 utrumque
1295 2825 1339 2873 ex
1364 2827 1440 2875 con·

397 2940 521 3010 iectura
545 2934 688 3007 dedisse.
726 2935 894 3030 lntegrum
919 2951 1027 3038 autem
1052 2961 1168 3010 nomen
1191 2939 1359 3032 scriptoris
1383 2963 1441 3010 no·

328 3103 332 3112 ·
399 3075 459 3146 stri
483 3071 694 3142 conservavit
717 3069 902 3144 Priscianus
929 3071 993 3162 Vl,
1021 3077 1082 3146 ll.
1111 3099 1146 3169 p.
1174 3076 1264 3146 259.
1294 3074 1348 3146 ed.
1377 3075 1437 3148 lir.

400 3211 449 3304 (p.
473 3207 558 3279 too.
586 3203 639 3276 et.
662 3205 835 3296 Putsch.),
864 3207 911 3280 M
915 3232 1058 3280 arcem
1082 3208 1249 3282 Velleaimo
1275 3208 1441 3284 Patercu-

400 3345 465 3416 lum
492 3331 627 3413 vocans.
669 3340 705 3411 ln
731 3339 971 3438 Marningum
995 3346 1201 3439 praenomine
1227 3369 1300 3417 cum
1326 3347 1440 3421 omnes

397 3477 552 3552 Prisciani
585 3474 713 3547 codices
748 3480 974 3569 consentiant,
1011 3481 1098 3552 nulla
1124 3502 1240 3553 caussa
1267 3495 1340 3572 est,
1380 3507 1443 3555 cur

349 3669 353 3674 .
398 3614 477 3686 lanc
512 3612 713 3707 grammatici
750 3616 976 3688 auctoritatem
1016 3618 1241 3690 incertissimis
1279 3617 1440 3690 editorum

396 3749 583 3822 commentis
610 3745 873 3841 posthabeamus.

497 3882 546 3954 lle
579 3883 752 3956 maioribus
779 3888 849 3958 suis
880 3900 977 3982 atquc
1003 3888 1191 3982 propinquis
1219 3889 1289 3982 ipse
1313 3888 1441 3990 aliquot

395 4017 474 4088 locis
503 4018 548 4088 ita
573 4015 675 4106 dixit,
701 4031 739 4089 ut
762 4033 939 4113 appareat,
969 4044 1042 4092 eum
1059 4046 1250 4117 quamquam
1271 4022 1377 4094 obiter
1404 4038 1440 4096 et

395 4155 427 4225 in
454 4165 666 4241 transcursu,
702 4166 809 4224 tameo
838 4154 923 4228 haud
949 4158 1086 4228 invitum
1113 4180 1225 4229 eorum
1251 4160 1438 4231 memoriam

393 4288 568 4361 narrationi
593 4309 700 4360 rerum
727 4303 893 4384 gestarum
921 4293 1113 4366 inseruisse.
1157 4292 1206 4364 lta
1224 4305 1348 4386 patrem
1369 4318 1437 4364 me-

391 4436 495 4494 morat
520 4423 719 4517 praelectum
742 4427 887 4520 equitum
911 4428 1038 4519 luisse,
1065 4428 1109 4519 Η,
1136 4431 1224 4517 104,
1255 4408 1307 4499 3.
1350 4427 1444 4512 Pro-¹

391 4559 481 4630 teitus
523 4559 567 4630 ob
602 4559 784 4656 adoptione
825 4566 950 4637 messus
990 4588 1064 4638 cum
1098 4587 1138 4636 eo
1175 4568 1241 4659 (sc.
1278 4562 1436 4661 Tiberio.)
