3667 5425
476 766 509 820 tt
872 742 1122 813 PRAEFATIO.

476 922 586 997 brata
627 925 668 995 et
702 915 859 1012 illustri,
909 916 950 989 in
987 940 1034 991 eo
1068 915 1309 990 emendando
1343 925 1520 992 versatus

477 1072 600 1161 esset,
632 1088 678 1141 ac
706 1060 843 1163 viginti
878 1059 987 1134 annis
1014 1069 1102 1159 post
1130 1059 1317 1135 Krausius
1341 1085 1521 1163 magnam

477 1186 712 1310 diligentiam
742 1206 792 1281 ad
824 1228 957 1278 rerum
990 1212 1029 1278 et
1060 1206 1270 1280 verbormn
1293 1205 1521 1305 interpreta-

478 1354 622 1429 tionem
648 1349 902 1445 adhibuisset,
939 1349 1029 1422 inde
1055 1349 1104 1422 ab
1131 1374 1179 1424 eo
1210 1357 1385 1448 tempore
1409 1351 1519 1446 nihil,

479 1496 767 1597 quodquidam
799 1493 839 1567 in
872 1492 1002 1592 aliquo
1033 1517 1194 1568 numero
1220 1502 1341 1588 esset,
1376 1520 1523 1593 aquo-

478 1666 596 1746 quam
621 1641 811 1741 prolatum
836 1645 907 1713 est.
946 1637 1060 1713 Cuius
1083 1638 1142 1711 rei
1160 1662 1332 1713 caussam
1349 1640 1381 1713 si
1401 1665 1524 1737 quae-

477 1787 550 1881 ris,
577 1785 618 1860 in
644 1784 791 1857 ‹luabus
815 1782 1057 1882 potissimum
1083 1784 1200 1858 rebus
1224 1783 1377 1858 videtur
1398 1785 1525 1884 posita

480 1953 572 2003 esso.
625 1926 755 2002 Altera
779 1925 873 2000 baec
902 1927 1412 2025 est,qrrodR11hnkeniana
1439 1929 1525 2002 edi-

478 2072 532 2147 tio
555 2079 701 2146 tantam
721 2069 976 2169 praestantiae
998 2069 1144 2145 famam
1168 2080 1278 2147 nacta
1304 2080 1372 2167 est,
1399 2080 1526 2149 tanta·

481 2240 557 2314 que
582 2217 683 2315 apud
708 2213 892 2315 plurimos
919 2214 1141 2288 auctoritate
1162 2216 1293 2310 valuit,
1320 2225 1376 2312 ut,
1402 2243 1526 2316 ‹puun

479 2367 662 2457 tanquam
680 2357 1005 2459 perfectissimum
1024 2360 1224 2457 exemplar
1247 2360 1340 2434 artis
1366 2361 1524 2436 criticae

480 2504 721 2578 exercendae
747 2510 1002 2599 veterumque
1027 2503 1257 2601 scriptorum
1285 2505 1528 2581 edendorum

482 2650 762 2742 celebraretur,
806 2647 920 2748 vulgo
952 2669 1037 2721 eam
1068 2647 1290 2747 opinionem
1325 2650 1527 2747 excitaret,

480 2795 576 2872 nihil
610 2793 652 2869 in
677 2791 823 2869 Velleio
859 2814 1080 2890 superesse,
1126 2792 1168 2865 in
1205 2819 1282 2892 quo
1316 2795 1401 2891 quis
1436 2820 1527 2871 oum

481 2937 606 3012 fructu
642 2935 877 3027 elaboraret3
912 2936 1095 3011 nimirum
1128 2961 1226 3035 quae
1256 2937 1296 3010 in
1330 2946 1410 3012 tam
1437 2965 1545 3013 cor-·

480 3088 593 3181 rupto
630 3078 816 3178 scriptore
857 3078 999 3179 ingenii
1035 3079 1209 3155 acrnnine
1241 3089 1279 3154 et
1314 3082 1530 3181 exquisitae

482 3224 676 3305 doctrinae
709 3224 853 3302 auxilio
879 3224 1066 3321 praestari
1093 3224 1305 3323 potuerint,
1339 3250 1386 3301 oa
1410 3253 1529 3325 prae·

481 3368 567 3446 atita
589 3391 672 3443 csse
691 3366 978 3458 aRuhnkcni03
1004 3367 1142 3463 quibus
1164 3377 1294 3443 autem
1314 3394 1364 3444 nc
1383 3374 1529 3446 summi

483 3514 639 3612 quidem
675 3510 799 3586 critici
830 3510 934 3586 vires
968 3509 1204 3606 suffecerint,
1240 3513 1351 3588 iniis
1375 3514 1530 3593 minora

481 3656 632 3758 ingenia
655 3655 796 3731 frustra
820 3654 902 3729 niti.
952 3655 1070 3730 Paulo
1092 3656 1262 3756 gravior,
1290 3683 1530 3757 quamquam

482 3802 645 3881 fortasse
663 3765 743 3876 non
761 3799 882 3902 magis
896 3800 1036 3893 valida,
1061 3802 1181 3874 altera
1201 3807 1259 3873 est
1275 3826 1420 3897 caussa,
1448 3829 1529 3901 qua

482 3946 684 4045 probabile
719 3950 778 4019 est
809 3943 903 4015 alios
930 3942 1132 4016 deterritos
1156 3941 1293 4040 fuisse,
1321 3935 1529 4043 quominus

482 4088 606 4166 studia
640 4110 709 4160 sua
738 4057 788 4160 ad
811 4084 1004 4162 Velleium
1038 4088 1319 4161 emendandum
1344 4097 1384 4163 et
1408 4092 1530 4165 casti-

479 4232 600 4335 gatius
630 4231 821 4306 edendum
854 4229 1086 4303 conferrent.
1139 4231 1287 4329 Quippe
1317 4258 1395 4307 non
1426 4232 1530 4336 fugit

480 4375 565 4454 illos
591 4373 770 4473 (pridem,
802 4397 928 4471 neque
954 4373 1175 4447 Ruhnkenii
1209 4398 1335 4473 neque
1368 4378 1529 4456 Krousii

482 4542 601 4628 opera
625 4519 666 4593 id
692 4517 872 4598 effectum
898 4541 1002 4611 esse,
1035 4525 1076 4594 ut
1107 4543 1170 4594 res
1195 4518 1368 4597 conlecta
1393 4522 1526 4599 videri
