3667 5425
548 646 552 653 ¹
652 696 712 759 nn
738 695 939 761 vnnnnrr
965 696 1134 801 ernau.
1317 700 1417 763 xruu

305 900 309 907 ·
366 866 406 937 dc
430 866 559 961 origine
578 864 653 937 libri
671 863 832 939 Velleiani
857 869 1070 958 coniecimus‚
1093 869 1150 941 vix
1169 869 1307 965 quinque
1328 892 1414 942 uren·

364 1026 421 1075 ses
456 1002 586 1073 auctori
620 1000 686 1074 dati
716 1014 810 1074 crant
845 1002 885 1075 od
921 1008 994 1077 e'um
1027 1002 1282 1098 conficiendum,
1316 1028 1413 1102 quunr
1513 1030 1520 1045 ·

365 1139 443 1211 novi
475 1138 652 1227 consules,
689 1138 878 1236 plerumque
903 1138 985 1211 lulio
1018 1164 1128 1214 mense
1161 1153 1301 1212 exeunte
1329 1140 1412 1212 desi-

363 1276 455 1371 gnari
480 1272 586 1369 soliti,
608 1275 690 1369 ipsis
704 1273 857 1347 Kalendis
874 1275 1033 1349 Ianuariis
1049 1298 1165 1350 munus
1186 1300 1280 1349 suum
1303 1272 1410 1371 auspi·

330 1414 334 1421 '
363 1423 540 1483 curentur·
576 1408 702 1482 Tantis
717 1412 819 1505 igitur
843 1414 1000 1508 temporis
1023 1414 1184 1510 angustiis
1212 1434 1309 1508 quun
1335 1434 1408 1507 pre·

361 1561 532 1637 merctur,
564 1547 712 1641 prolecto
744 1548 861 1620 mirum
885 1563 1055 1642 nonest,
1090 1550 1119 1620 si
1154 1546 1193 1620 de
1221 1546 1411 1624 necessaria

360 1683 569 1755 festinatione
595 1681 793 1779 querendum
819 1685 961 1779 putavit,
990 1708 1085 1782 quam
1109 1685 1181 1778 ipsa
1206 1706 1316 1756 rerum
1341 1696 1406 1755 tra·

359 1820 459 1892 ctatio
490 1818 548 1911 (do
576 1840 639 1914 qua
663 1818 748 1891 inira
773 1818 935 1913 dicemus)
968 1843 1006 1892 ac
1034 1818 1157 1892 dicendi
1192 1842 1296 1914 genus
1323 1818 1407 1892 haud

357 1957 502 2028 limatum
528 1967 642 2050 aperte
666 1955 820 2050 produnt.
882 1954 885 1959 ’
1206 1942 1213 1963 '

460 2090 497 2163 ln
516 2088 639 2163 Vinicii
661 2080 770 2164 autem
794 2091 949 2165 honorem
975 2113 1073 2189 quum
1096 2103 1198 2164 totum
1216 2113 1297 2185 opus
1318 2110 1404 2163 com·

354 2228 502 2321 positum
535 2226 600 2316 sit,
626 2228 679 2298 ¹eo
712 2226 852 2301 concidit
885 2250 999 2301 eorum
1030 2228 1212 2315 sententia,
1250 2228 1404 2323 quicum

355 2362 492 2435 Heinsio
523 2362 557 2435 in
591 2360 738 2457 Epistola
767 2362 807 2436 ad
840 2362 1012 2461 aneliunr
1048 2365 1099 2460 (v.
1129 2362 1193 2436 Ed.
1225 2358 1399 2435 Ruhnken.

353 2494 436 2573 Vol
468 2498 513 2571 11.
547 2522 582 2593 p.
611 2496 741 2573 XVIII.
768 2498 847 2595 Fr.)
884 2514 919 2573 ct
952 2498 1124 2573 Perizonio
1159 2500 1192 2571 in
1223 2494 1398 2571 Animndd.

354 2636 433 2708 hist.
463 2660 496 2707 c.
523 2632 587 2709 VI.
608 2658 644 2730 p.
672 2634 762 2708 211.
797 2632 929 2710 Velleio
963 2634 1042 2708 nihil
1076 2634 1162 2708 allud
1199 2634 1402 2731 propositum

357 2775 456 2846 luisse
483 2787 643 2868 censent,¹
662 2795 756 2870 quarn
782 2787 818 2845 ut
842 2771 966 2845 Tiberii
989 2772 1128 2866 gratiam
1152 2783 1312 2864 captaret,
1335 2773 1400 2843 no'u

357 2907 502 2982 videntes
539 2931 633 3006 quam
666 2909 811 3004 ineptum
844 2909 889 2979 sit
921 2921 954 2979 et
978 2929 1114 3002 prorsus
1140 2903 1333 2995 ridiculum,
1370 2906 1400 2978 si
1451 2905 1457 2918 “

353 3044 434 3118 lilrro
470 3045 538 3116 alii
567 3043 701 3117 curidum
735 3042 910 3117 dedicando
942 3041 982 3116 nd
1008 3044 1228 3141 sinperatords
1254 3039 1399 3114 levorem

352 3185 509 3276 arrepcre'
527 3179 702 3254 voluisset.
757 3175 824 3253 Sed
849 3203 1041 3277 quemquern
1066 3180 1131 3252 istu¹
1157 3180 1229 3252 sive
1255 3177 1397 3251 stultitia

352 3319 421 3390 sive
446 3317 543 3412 culpa
568 3330 678 3413 vacat,
701 3329 809 3390 umen
834 3316 918 3413 apud
940 3317 1094 3411 plurimos
1118 3316 1248 3388 seruilis
1275 3314 1396 3409 ingenii

352 3453 560 3552 adiectaeque
574 3454 631 3542 2in
674 3452 802 3525 domum
832 3451 1043 3550 Augustam,
1089 3449 1257 3525 Tiberium
1297 3461 1394 3546 etque

355 3587 506 3663 Seianum
536 3587 728 3662 adulationis
762 3589 895 3666 crimine
927 3586 1081 3662 laborat:
1119 3585 1165 3660 Et
1189 3609 1265 3660 sane
1292 3585 1321 3657 si
1347 3585 1393 3656 le·

354 3727 436 3820 geris
463 3748 561 3822 quarn
588 3707 755 3798 immodice
782 3721 995 3797 Octavianum
1023 3723 1167 3796 celebret
1190 3721 1234 3811 Π,
1260 3723 1324 3811 36,
1355 3723 1389 3793 1.

352 3860 485 3957 11,60,
517 3864 552 3933 1.
608 3861 804 3954 11“,61,1.
853 3859 897 3948 u,
927 3861 990 3949 80,
1016 3861 1055 3930 2.
1098 3857 1142 3948 Π,
1171 3858 1235 3946 89,
1259 3857 1298 3927 2.
1347 3855 1392 3950 11,
1448 3935 1450 3950 Ι

354 3999 437 4088 123,
451 3999 508 4091 3.,
536 3999 673 4094 eiusque
697 3997 783 4069 Ioula
804 4009 862 4069 aut
887 3996 993 4089 turpia
1017 3996 1101 4067 lacta
1118 3993 1231 4066 callida
1248 3992 1392 4066 oratione

352 4147 439 4230 tegat
461 4149 519 4207 aut
544 4157 604 4229 pro
631 4134 775 4230 egregiis
797 4133 944 4206 venditet
967 4131 1012 4222 ll,
1040 4133 1104 4224 66,
1133 4135 1169 4204 1.
1205 4117 1249 4223 Π,
1270 4131 1335 4223 86,
1350 4131 1389 4201 2.

350 4269 391 4360 ll,
418 4271 485 4362 79,
512 4269 562 4342 2.
605 4267 805 4364 11,71,1.
859 4267 905 4363 11,
931 4271 995 4360 80,
1023 4271 1061 4342 2.
1105 4268 1148 4358 11,
1177 4269 1241 4355 85,
1269 4269 1306 4338 2.
1333 4267 1389 4358 4.,

349 4405 461 4502 quibus
489 4403 637 4479 laudibus
659 4405 772 4478 efferat
786 4405 912 4478 Liviam
938 4407 981 4495 Π,
1002 4405 1067 4497 75,
1089 4406 1126 4476 3.
1163 4402 1207 4496 11,
1226 4402 1313 4493 130,
1332 4401 1408 4492 5.,„

350 4556 547 4640 quantopere
575 4541 741 4638 praedicet
767 4540 934 4616 Tiberium
960 4540 1005 4632 ll,
1028 4540 1093 4631 75,
1124 4543 1147 4612 3
1196 4538 1239 4632 11,
1266 4540 1386 4633 94,1.
